3142 5042
1469 238 1816 303 ...30-

590 459 642 524 F
666 483 703 523 o
727 469 825 523 nt.
874 461 990 521 43:
1050 482 1213 546 quae
1273 461 1328 526 si
1385 460 1721 544 diligenter
1766 460 2120 539 attendetiS,
2155 461 2439 546 profecto
2479 508 2493 525 .
2537 513 2552 530 .
2596 510 2610 525 .
2666 461 2878 528 virum

422 562 595 627 domi
643 562 916 627 retinere
961 584 1153 648 quam
1199 563 1450 629 tradere
1493 564 1765 629 maletis.

591 662 901 730 Cluent.
950 666 1017 730 7:
1077 666 1132 730 si
1185 666 1294 753 qui
1360 666 1516 731 mihi
1577 667 1732 732 deus
1798 677 2078 733 vestram
2153 665 2235 730 ad
2307 689 2411 732 me
2486 665 2875 732 audiendum

419 767 932 833 benevolentiam
977 768 1345 846 conciliarit,
1391 770 1667 835 efficiam
1700 770 2001 854 profecte,
2037 819 2052 836 .
2085 819 2100 834 .
2131 819 2145 833 .

588 870 649 937 d.
694 870 840 955 leg.
886 893 1037 957 agr.
1087 873 1154 948 2,
1201 873 1273 937 3:
1336 895 1487 937 nam
1540 873 1852 954 profecte,
1920 874 1974 937 si
2029 872 2353 939 recordari
2410 871 2738 937 volueritis
2795 870 2876 934 de

418 973 605 1037 novis
660 972 1054 1052 hominibus,
1112 974 1443 1061 reperietis
1501 998 1642 1054 eos,
1687 976 1796 1062 qui
1853 976 1991 1040 sine
2050 978 2308 1064 repulsa
2368 974 2666 1040 consules
2723 973 2878 1040 facti

421 1086 582 1152 sunt,
629 1074 925 1140 diuturno
968 1077 1210 1143 labore.

590 1177 828 1244 Catil.
875 1180 939 1256 2,
987 1180 1098 1245 28:
1143 1180 1200 1246 si
1244 1180 1345 1246 vis
1378 1231 1392 1244 .
1425 1229 1438 1244 .
1475 1230 1486 1244 .
1536 1203 1640 1247 me
1683 1182 2047 1249 necessario
2093 1181 2174 1246 de
2216 1181 2340 1247 hac
2382 1181 2579 1247 animi
2621 1180 2881 1246 lenitate

419 1280 753 1345 deduxerit
793 1281 951 1345 illud
985 1283 1267 1366 profecto
1310 1285 1655 1369 perficiam,
1700 1295 1770 1349 ut
1801 1335 1814 1348 .
1851 1335 1865 1348 .
1899 1332 1912 1348 .

585 1384 817 1449 Arch.
863 1383 933 1448 4:
982 1384 1153 1471 quod
1198 1386 1252 1450 si
1295 1386 1456 1451 mihi
1500 1410 1540 1451 a
1583 1388 1769 1453 vobis
1813 1387 2008 1453 tribui
2055 1437 2069 1449 .
2104 1436 2115 1449 .
2151 1436 2165 1453 .
2213 1386 2503 1469 sentiam,
2548 1386 2878 1474 perficiam

405 1487 703 1572 profecte,
749 1495 821 1551 ut
862 1535 877 1549 .
923 1532 938 1550 .
985 1538 997 1551 .

592 1587 647 1657 O
668 1589 818 1654 ael.
867 1588 978 1653 33:
1027 1589 1137 1676 qui
1169 1590 1457 1672 profecto
1503 1593 1560 1658 si
1606 1594 1935 1672 exstiterit,
1982 1594 2076 1659 sic
2120 1603 2266 1679 aget
2310 1644 2322 1656 .
2357 1643 2369 1655 .
2408 1641 2422 1657 .

591 1691 784 1758 Cael
826 1692 940 1756 67:
999 1693 1108 1780 qui
1153 1716 1225 1758 se
1265 1718 1618 1783 numquam
1666 1696 1975 1778 profecte,
2023 1696 2079 1761 si
2124 1695 2192 1760 in
2234 1694 2686 1760 istumlocum
2727 1716 2878 1780 pro-

422 1792 744 1873 cesserint,
792 1794 1215 1884 explicabunt.

587 1898 782 1963 Phil.
834 1900 945 1980 13,
1008 1900 1121 1963 22:
1198 1900 1252 1964 si
1318 1900 1460 1987 quis
1524 1903 1817 1968 dubitare
1892 1903 2101 1969 adhuc
2160 1901 2370 1989 potuit
2403 1952 2417 1965 .
2464 1951 2480 1966 .
2533 1950 2567 1979 .,
2631 1898 2881 1966 desinet

400 2001 692 2084 profecto
736 2000 1044 2067 dubitare.

588 2103 957 2186 »Profecto«
981 2128 1127 2171 cum
1154 2106 1367 2172 futuro
1399 2108 1808 2175 coniunctum
1850 2108 1921 2173 in
1964 2107 2237 2196 apodosi
2280 2108 2417 2173 eius
2463 2105 2873 2182 condicioniS,

416 2231 579 2297 quae
623 2208 858 2297 pendet
901 2231 982 2273 ex
1023 2211 1304 2290 quodsi.
1321 2238 1349 2267 ‹<

589 2310 678 2376 de
723 2311 1011 2379 invent.
1060 2314 1127 2390 2,
1174 2313 1244 2378 9:
1296 2313 1525 2399 quodsi
1572 2337 1649 2380 ea
1681 2363 1694 2378 .
1729 2365 1742 2379 .
1780 2365 1794 2379 .
1841 2324 2018 2381 tanto
2052 2338 2244 2403 opere
2274 2311 2567 2400 eligenda
2606 2311 2865 2386 fuerunt,

420 2423 657 2501 quanto
705 2413 914 2479 studio
961 2413 1161 2479 electa
1192 2425 1355 2495 sunt,
1385 2417 1677 2498 profecto
1707 2441 1914 2506 neque
1944 2440 2064 2484 nos
2095 2439 2301 2505 neque
2333 2415 2495 2481 alios
2524 2412 2863 2483 industriae

414 2526 673 2583 nostrae
716 2516 1078 2602 paenitebit.

592 2643 700 2707 ep.
745 2621 816 2701 3,
873 2620 945 2701 2,
1006 2621 1073 2684 1:
1135 2621 1368 2708 quodsi
1425 2631 1494 2687 tu
1530 2643 1804 2710 -quoque
1871 2623 2138 2688 eandem
2208 2623 2290 2688 de
2339 2644 2487 2687 mea
2549 2624 2876 2688 voluntate

422 2746 573 2809 erga
615 2734 678 2788 te
724 2745 906 2810 spem
951 2723 1175 2806 habeS,
1223 2747 1300 2789 ea
1329 2725 1612 2806 profecto
1653 2749 2003 2813 numquam
2044 2726 2239 2792 fallet.

594 2850 703 2913 ep.
765 2828 877 2908 10,
923 2827 1037 2909 23,
1085 2827 1154 2892 6:
1201 2827 1432 2913 quodsi
1463 2851 1583 2894 vos
1627 2828 1772 2894 istic
1812 2852 1945 2895 non
1989 2828 2336 2913 defueritiS,
2354 2827 2641 2910 profecto
2672 2827 2881 2893 omni-

424 2930 547 2993 bus
589 2930 782 2994 rebus
840 2929 1092 2995 abunde
1136 2930 1230 2995 rei
1273 2930 1564 3018 publicae
1611 2931 2022 3001 satisfaciam.
2124 2956 2134 2963 ·

590 3031 785 3098 Mun-
854 3033 926 3097 3:
998 3033 1280 3119 quodsi.
1317 3082 1331 3098 .
1367 3086 1383 3102 .
1448 3034 1505 3099 is
1574 3035 1926 3121 periculum
1990 3035 2210 3100 iudicii
2273 3044 2601 3120 praestare
2664 3031 2880 3116 debet,

427 3135 536 3223 qui
581 3157 650 3198 se
692 3157 863 3200 nexu
910 3135 1236 3218 obligavit,
1269 3138 1557 3218 profecto
1603 3137 1792 3203 etiam
1837 3139 2071 3205 rectius
2115 3138 2182 3202 in
2225 3136 2460 3204 iudicio
2508 3184 2525 3202 .
2557 3187 2574 3205 .
2597 3183 2616 3202 .
2658 3136 2717 3200 is
2760 3159 2877 3222 po-

422 3237 742 3302 tissimum
789 3238 1011 3303 consul
1057 3288 1071 3303 .
1118 3290 1131 3303 .
1177 3289 1189 3302 .
1250 3252 1472 3307 auctor
1514 3241 1810 3306 beneficii
1852 3241 2074 3329 populi
2115 3240 2387 3306 Romani
2429 3262 2572 3305 esse
2602 3238 2873 3309 debebit.

496 3382 503 3389 -
592 3341 1055 3407 sive—sive
1100 3364 1245 3407 cum
1291 3355 1592 3430 sequente
1632 3343 1938 3424 profecto.

477 3524 484 3530 ⁵
589 3467 697 3530 ep.
746 3446 817 3526 9,
868 3445 936 3526 1,
985 3454 1052 3507 ’ἐς
1101 3445 1238 3511 sive
1280 3446 1351 3510 in
1393 3446 1753 3511 Tusculano
1792 3447 1930 3513 sive
1962 3446 2031 3511 in
2063 3445 2355 3513 Cumano
2398 3445 2481 3510 ad
2508 3454 2571 3510 te
2600 3442 2869 3532 placebit

420 3549 558 3613 sive
605 3597 619 3613 .
655 3595 668 3611 .
704 3597 718 3611 .
766 3549 1033 3630 Romae,
1061 3548 1405 3614 dummodo
1453 3549 1644 3615 simul
1689 3549 1909 3630 simuS‚
1946 3550 2275 3636 perficiam
2322 3548 2627 3632 profecte,
2672 3558 2745 3613 ut
2775 3597 2789 3610 .
2830 3593 2845 3610 .

590 3674 649 3737 p.
698 3648 922 3717 Caec.
969 3653 1039 3715 9:
1098 3675 1323 3719 verum
1368 3652 1506 3717 sive
1561 3674 1680 3717 vos
1738 3652 2228 3723 existimationis
2281 3651 2453 3716 illius
2516 3651 2873 3741 periculum

422 3754 558 3820 sive
599 3753 757 3819 iuris
803 3754 1113 3820 dubitatio
1157 3755 1472 3821 tardiores
1512 3754 1667 3820 fecit
1696 3805 1711 3819 .
1745 3803 1762 3821 .
1795 3805 1832 3838 .,
1880 3756 2140 3823 alterius
2183 3757 2278 3820 rei
2322 3776 2584 3821 causam
2627 3762 2883 3819 vosmet

422 3857 549 3943 ipsi
579 3909 592 3922 .
624 3910 635 3922 .
669 3906 681 3919 .
730 3858 1096 3936 sustulistis,
1142 3858 1402 3925 alterius
1445 3880 1563 3944 ego
1605 3859 1795 3926 vobis
1821 3910 1838 3928 .
1871 3908 1887 3925 .
1918 3910 1932 3923 .
1974 3881 2235 3924 causam
2253 3857 2542 3943 profecto
2567 3857 2877 3923 auferam.

592 3960 788 4025 Hunc
810 3961 1332 4042 condicionalem,
1349 3970 1420 4026 ut
1441 3961 1531 4027 ita
1543 3961 1775 4045 dicam,
1787 3961 1978 4027 huius
1989 3962 2337 4044 particulae
2360 3983 2549 4026 usum
2568 3959 2879 4047 exemplis

419 4061 800 4151 quibusdam
846 4063 1165 4130 illustrare
1211 4076 1400 4152 atque
1444 4066 1812 4152 axplanare,
1855 4088 1937 4130 ne
1986 4065 2215 4150 longus
2262 4064 2404 4147 sim,
2455 4063 2879 4153 supersede03

418 4191 549 4233 non
593 4166 766 4255 quod
807 4167 1014 4233 minus
1060 4167 1352 4233 videatur
1394 4168 1687 4250 idoneus,
1732 4192 1816 4234 ex
1857 4191 1984 4254 quo
2028 4189 2185 4232 vera
2242 4177 2539 4255 rectaque
2583 4166 2882 4248 profecto

419 4270 768 4358 particulae
809 4272 986 4337 notio
1032 4272 1410 4349 enucleetur,
1458 4270 1571 4336 sed
1616 4271 1828 4358 potius
1874 4271 2025 4357 quia
2065 4280 2198 4339 tam
2235 4271 2642 4359 perspicuum
2689 4292 2881 4358 aper-

420 4384 680 4462 tumque
725 4398 871 4441 eum
913 4383 1226 4464 putamuS‚
1278 4382 1355 4438 ut
1410 4396 1491 4439 ex
1548 4394 1668 4438 suo
1727 4373 1995 4461 quisque
2054 4396 2246 4440 sensu
2286 4373 2612 4440 :facillime
2665 4372 2883 4461 possit

419 4478 722 4549 iudicium
766 4478 996 4545 facere.
1087 4481 1302 4565 Atque
1354 4478 1408 4541 si
1465 4476 1608 4564 quis
1651 4487 1861 4542 »certe
1886 4502 1916 4537 (ι
1969 4499 2226 4564 quoque
2277 4476 2505 4542 eodem
2557 4475 2751 4543 modo
2807 4473 2881 4545 in
