3142 5042
1340 233 1678 303 ψῃ..

451 459 820 551 Sequuntur
862 463 910 530 ii
942 462 1088 548 loci,
1125 463 1356 553 quibus
1383 459 1679 545 profecta,
1711 483 1792 527 ne
1816 458 1958 547 quis
1983 458 2063 527 de
2092 483 2247 528 vera
2277 459 2737 549 significatione

279 563 704 633 affirmativae
776 569 1126 656 particulae
1197 566 1504 647 haesitet,
1584 567 1653 631 in
1718 565 2246 653 responsionibus
2322 564 2735 632 asseverandi

279 690 474 735 causa
518 669 870 736 adhibetur.

583 791 769 861 Eun.
817 793 972 857 381:
1017 816 1149 858 non
1195 801 1293 858 est
1326 791 1633 873 profecto.

587 913 822 978 Andr.
868 912 1022 978 554:
1056 913 1346 994 profecto
1393 913 1488 977 sic
1533 919 1648 977 est.

585 1032 805 1098 Heau
822 1042 864 1096 t.
914 1032 1072 1102 856:
1116 1032 1184 1097 id
1229 1040 1328 1098 est
1357 1031 1668 1113 profecta.

584 1151 769 1219 Hec.
814 1153 973 1219 379:
1011 1152 1295 1235 profecto
1338 1152 1463 1218 hoc
1508 1151 1603 1217 sic
1647 1158 1761 1230 est,
1809 1157 1878 1214 ut
1921 1159 2095 1238 puto.

582 1272 771 1339 Eun.
821 1273 975 1340 1842
1015 1273 1300 1355 profecto
1342 1294 1475 1339 non
1518 1272 1663 1359 plus
1708 1271 1984 1341 biduom.

451 1408 646 1474 Thais
678 1398 991 1476 ’meretrix
1036 1434 1076 1476 a
1118 1410 1435 1477 Phaedria
1480 1410 1886 1475 adulescente
1928 1409 2104 1498 petit,
2152 1416 2223 1472 ut
2266 1407 2391 1473 sibi
2437 1407 2744 1474 concedat

279 1509 503 1576 saltem
562 1511 861 1596 biduum3
918 1513 1024 1579 hic
1066 1524 1279 1580 autem
1323 1513 1492 1578 illius
1537 1512 1836 1599 precibus
1884 1512 2151 1599 obsequi
2192 1535 2325 1579 non
2369 1510 2523 1592 vult,
2570 1509 2742 1595 quod

278 1613 459 1679 timet
512 1637 633 1680 »ne
676 1616 835 1681 fiant
876 1616 1106 1703 viginti
1150 1617 1325 1683 dies«
1371 1617 1461 1704 (v.
1512 1616 1664 1681 182:
1730 1615 1786 1681 si
1842 1615 2100 1703 quidem
2164 1614 2459 1696 biduom,
2517 1636 2740 1679 verum

276 1739 359 1781 ne
401 1717 560 1781 fiant
602 1717 712 1783 isti
768 1718 993 1805 viginti
1039 1720 1216 1798 dies),
1262 1729 1414 1785 tunc
1469 1719 1749 1784 affirmat
1792 1718 2017 1785 Thais:
2062 1717 2378 1799 »profecto
2421 1739 2553 1782 non
2595 1716 2741 1803 plus

281 1818 586 1886 biduom«
632 1821 941 1904 (wirklich
983 1847 1104 1889 nur
1148 1823 1306 1893 zwei
1351 1820 1570 1909 Tage).

453 1961 494 2039 ἓ
541 1960 596 2024 2.
683 1958 957 2025 Restant
999 1983 1115 2027 sex
1157 1960 1300 2039 loci,
1348 1960 1580 2047 quibus
1625 1983 1755 2024 non
1802 1956 2269 2045 significatione
2331 1957 2568 2038 solum,
2628 1956 2743 2022 sed

276 2060 469 2126 etiam
514 2070 833 2129 structura
872 2064 1180 2130 enuntiati
1227 2072 1448 2152 aperta
1493 2061 1867 2129 recentioris
1901 2083 2056 2126 usus
2085 2059 2324 2125 indicia
2353 2068 2741 2146 comparent,

279 2173 351 2229 ut
391 2185 592 2249 paene
637 2166 802 2232 ultro
851 2167 934 2234 ad
975 2168 1170 2234 totius
1217 2165 1773 2233 commentationis
1819 2186 2134 2230 summam
2179 2162 2602 2229 traducamur.

449 2286 553 2352 Ac
606 2285 883 2374 primum
929 2288 1189 2374 quidem
1235 2296 1337 2353 est
1372 2286 1653 2369 profecto
1696 2285 1766 2351 in
1809 2283 2078 2372 apodosi
2124 2282 2572 2350 condicionali:

583 2423 942 2513 Adelphi
989 2424 1147 2489 145:
1193 2446 1418 2491 verum
1463 2423 1518 2489 si
1580 2445 1850 2510 augeam
1905 2429 2016 2487 aut
2059 2420 2251 2486 etiam
2310 2420 2562 2488 adiutor
2619 2419 2740 2487 sim

484 2527 619 2627 eius
663 2527 1050 2611 iracundiae,
1091 2527 1412 2593 insaniam
1451 2526 1729 2612 profecto
1774 2548 1918 2592 cum
1961 2525 2092 2590 illo.

585 2663 867 2730 Heaut.
901 2664 1100 2730 1003:
1138 2663 1450 2748 ,pr-oseem,
1493 2664 1621 2730 nisi
1666 2684 1856 2730 caves
1900 2651 1972 2727 tu
2014 2661 2229 2744 home,
2262 2661 2505 2751 aliquid
2548 2672 2743 2750 gnato

483 2767 785 2834 conficies
828 2768 996 2833 mali.

452 2907 747 2990 Profecto
844 2907 915 2972 in
985 2906 1099 2972 tali
1165 2907 1487 2973 enuntiato
1506 2955 1521 2986 ,
1591 2907 1687 2973 cui
1770 2904 2040 2973 relativa
2113 2903 2461 2970 enuntiatio
2528 2902 2745 2970 condi·

281 3010 513 3077 cionali
557 3012 623 3080 vi
668 3009 979 3093 succedit,
1026 3019 1150 3078 estz

587 3131 939 3217 Adelphi
984 3131 1161 3196 893:
1207 3154 1359 3196 nam
1401 3130 1458 3196 is
1503 3130 1663 3195 mihi
1682 3129 1965 3212 profecto
2009 3106 2107 3194 est
2151 3149 2373 3194 servos
2421 3135 2742 3215 spectatus

483 3234 660 3317 satiS,
706 3235 808 3300 cui
853 3234 1149 3300 dominus
1197 3242 1450 3300 curaest
1490 3233 1604 3316 ita,
1649 3241 1719 3298 ut
1761 3232 1880 3298 tibi
1928 3230 2121 3314 sensi,
2170 3229 2356 3296 Geta.

453 3337 798 3404 Praeterea
841 3337 1074 3404 afferoz

589 3473 945 3562 Adelphi
1003 3474 1156 3540 508:
1203 3498 1426 3541 verum
1456 3473 1657 3540 nimia
1695 3473 1882 3539 illaec
1913 3471 2172 3555 licentia
2215 3471 2492 3557 profecto
2531 3470 2745 3536 evadit

367 3578 436 3644 in
480 3578 738 3665 aliquod
781 3600 1083 3663 magnum
1125 3578 1368 3643 malum
1411 3607 1480 3631 :z
1525 3577 1640 3640 οὐκ
1687 3575 1755 3638 ἂν
1803 3576 2060 3661 ἀποβαίη
2106 3579 2320 3642 καλῶς.

455 3698 650 3780 Quod
678 3698 975 3765 BENTLEY
1015 3698 1122 3764 hic
1165 3697 1475 3765 »evadet«
1519 3697 1828 3786 scriptum
1857 3696 2078 3779 voluit,
2101 3693 2456 3761 rectissime
2484 3701 2742 3759 nostrae

283 3802 633 3890 particulae
705 3801 1037 3890 proprium
1105 3821 1366 3865 sensum
1431 3800 1840 3888 perspexisse
1907 3799 2173 3866 videtur.

382 3915 387 3919 ⁸
455 3914 763 3989 Sitniliter
803 3921 990 3988 Eun.
1037 3919 1193 3995 5073

593 4041 913 4125 ProfectO,
960 4048 1196 4127 quanto
1242 4040 1447 4127 magis
1491 4039 1826 4127 magisque
1871 4039 2103 4125 cogito,
2155 4039 2223 4104 ni
2266 4037 2517 4121 mirum,
2565 4037 2743 4104 dabit

285 4145 480 4212 Thais
526 4145 685 4212 mihi
727 4168 1029 4232 magnum
1072 4143 1330 4209 malum.

456 4283 496 4372 ξ
541 4285 596 4350 3.
683 4282 1018 4350 Postremo
1048 4306 1180 4348 non
1225 4291 1324 4347 est
1353 4280 1605 4347 silentio
1636 4279 2098 4368 praetereunda
2126 4279 2395 4365 insignis
2427 4280 2740 4366 quaedam

287 4411 326 4452 a
383 4387 613 4454 Plauto
675 4386 886 4453 aliena
923 4385 1181 4468 locutio,
1227 4406 1390 4471 quae
1448 4383 1633 4470 quasi
1687 4404 1912 4448 ansam
1955 4382 2144 4449 nobis
2191 4383 2302 4448 dat
2344 4383 2426 4449 ad
2455 4383 2739 4465 profecto

285 4489 663 4577 particulam
705 4498 878 4558 recte
920 4489 1355 4555 iudicandam:
1401 4486 1657 4554 »nescio
1715 4485 1869 4573 quid
1922 4485 2266 4576 profectoae
