3142 5042
1387 205 1730 270 „52-

1507 430 1614 496 III

333 582 514 685 DE
583 572 1525 687 POSTERIORUM
1609 584 2454 688 SCRIPTORUM
2531 582 2806 687 USU.

514 749 682 818 Cum
725 751 807 836 {in
862 753 1078 819 multis
1131 753 1325 819 rebus
1368 762 1502 819 tum
1545 754 1617 820 in
1658 754 1782 820 hac
1825 776 2077 842 quoque
2118 752 2431 841 particula
2475 751 2808 819 Ciceronis

335 854 689 921 auctoritas
750 858 1106 942 posteriore
1171 865 1378 922 aetate
1433 857 1524 922 ita
1578 857 1952 945 praevaluit,
2003 866 2076 921 ut
2115 879 2290 922 nova
2330 855 2442 920 illa
2484 877 2563 920 ac
2581 904 2586 913 .
2603 877 2810 943 paene

334 958 500 1023 mira
539 958 819 1043 profecto
861 959 1210 1046 particulae
1256 959 1646 1046 significatio
1680 969 1742 1026 et
1768 980 1943 1044 usus,
1971 982 2163 1045 quem
2196 957 2529 1026 Ciceronis
2573 980 2810 1046 operae

336 1061 618 1129 maxime
685 1061 906 1129 deberi
934 1080 939 1083 ·
970 1062 1380 1129 manifestum
1455 1072 1568 1146 est,
1633 1064 1840 1149 magis
1906 1063 2239 1149 magisque
2305 1061 2810 1127 confirmaretur.

339 1162 471 1245 Sed
517 1163 901 1235 Ciceronem
945 1190 1076 1234 non
1119 1165 1478 1254 principem
1518 1166 1691 1231 hunc
1744 1187 1932 1232 usum
1986 1166 2053 1232 in
2107 1165 2352 1233 litteras
2398 1164 2666 1231 Latinas
2709 1164 2811 1229 in-

340 1267 600 1334 duxisse
657 1269 762 1334 vel
814 1268 965 1335 inde
1023 1291 1332 1357 apparere
1385 1269 1660 1352 videtur,
1716 1269 1887 1357 quod
1937 1269 2068 1335 iam
2112 1268 2284 1356 apud
2328 1267 2465 1334 eius
2510 1267 2812 1354 aequales

339 1371 668 1460 reperitur.
743 1370 1084 1439 Sallustius
1128 1372 1389 1460 quidem
1431 1371 1744 1460 persimili
1776 1370 2110 1439 Ciceronis
2154 1372 2402 1438 ratione
2430 1370 2812 1460 particulam

347 1483 615 1563 usurpat
655 1474 724 1541 in
766 1475 1215 1543 condicionum
1258 1475 1559 1561 apodosi:

517 1577 571 1642 1.
616 1578 915 1645 realium:
960 1579 1121 1665 Iug.
1173 1579 1244 1643 4:
1289 1579 1401 1667 qui
1442 1580 1500 1645 si
1541 1579 1982 1667 reputaverint
2026 1628 2041 1641 .
2087 1626 2103 1643 .
2151 1629 2206 1661 .,
2257 1570 2534 1662 profecto
2591 1575 2813 1642 existi-

343 1679 627 1746 mabunt.
714 1681 875 1769 Iug.
942 1681 1055 1748 31:
1123 1681 1231 1767 qui
1299 1682 1356 1748 si
1419 1682 1758 1753 dediticius
1817 1691 1932 1766 est,
1986 1681 2271 1769 profecto
2324 1681 2519 1747 iussis
2580 1677 2813 1746 vestris

344 1782 691 1849 oboediens
737 1783 870 1848 erit.

519 1908 619 1952 or.
687 1887 931 1953 Macri
999 1887 1204 1972 (Hist.
1273 1888 1331 1972 3,
1396 1889 1512 1974 61)
1582 1893 1623 1973 ξ
1693 1889 1803 1954 ll:
1875 1887 2062 1969 Quae
2113 1886 2391 1974 profecto
2446 1886 2514 1950 in
2558 1906 2815 1951 cassum

346 1989 722 2073 agebantur,
769 1989 826 2055 si
870 1989 1244 2076 priusquam
1288 2014 1406 2057 vos
1454 2041 1467 2055 .
1516 2039 1530 2054 .
1579 2041 1592 2055 .
1639 1984 1830 2058 finem
1876 1989 2107 2057 facturi
2152 1998 2349 2056 erant.

516 2106 663 2189 Quo
682 2108 823 2175 loco
849 2109 1282 2177 adnotandum
1296 2122 1394 2178 est
1420 2113 1522 2177 im
1536 2138 1577 2202 p
1595 2136 1629 2178 e
1641 2136 1674 2178 r
1685 2113 1717 2178 f
1725 2136 1759 2178 e
1772 2135 1809 2179 c
1831 2122 1858 2177 t
1872 2137 1912 2177 u
1926 2135 2012 2195 m,
2038 2112 2227 2198 quod,
2246 2119 2318 2176 ut
2347 2131 2542 2202 supra
2554 2107 2817 2173 demon-

351 2212 718 2294 stravimus,
765 2211 1098 2280 Ciceronis
1145 2214 1601 2281 consuetudine
1648 2215 1925 2281 alienum
1970 2223 2085 2281 est.

524 2335 585 2401 2.
629 2335 987 2403 irrealium:
1033 2335 1191 2421 Iug.
1237 2335 1350 2399 27:
1399 2358 1475 2401 ac
1516 2336 1587 2401 ni
1632 2334 1708 2402 C.
1738 2335 2081 2402 Memmius
2114 2333 2419 2426 populum
2450 2332 2804 2398 Romanum

353 2435 714 2505 edocuisset
755 2484 774 2504 .
820 2486 835 2501 .
886 2486 936 2519 .,
971 2437 1256 2519 profecto
1303 2437 1509 2502 omnis
1553 2438 1799 2503 invidia
1842 2437 2091 2527 dilapsa
2133 2437 2317 2502 foret.

523 2543 682 2627 Iug.
729 2540 843 2606 56:
889 2540 994 2607 Ac
1034 2540 1105 2606 ni
1146 2539 1394 2606 Marius
1441 2539 1714 2608 evadere
1746 2541 1982 2629 oppido
2013 2539 2513 2628 properavisset‚
2534 2535 2815 2619 profecto

354 2643 564 2710 cuncti
606 2644 801 2712 fi'dem
844 2643 1286 2710 mutavissent.

530 2745 694 2813 Cat.
762 2747 879 2829 393
945 2748 1034 2813 Iu
1046 2770 1101 2834 g.
1166 2747 1290 2810 102
1358 2747 1502 2836 (pro
1560 2747 1805 2833 protasi
1860 2744 2282 2811 condicionali
2324 2743 2537 2832 posita
2577 2742 2684 2809 hic
2726 2749 2827 2807 est

355 2849 683 2938 optativa).
2379 2860 2384 2867 ·

526 2952 687 3038 Iug.
732 2953 834 3018 31.
2403 3032 2406 3035 Ι

528 3053 705 3123 »Sed
748 3056 1068 3138 profecto«
1114 3066 1212 3122 est
1257 3056 1423 3123 Cat.
1469 3057 1528 3139 8,
1576 3058 1644 3130 13
1706 3063 1816 3120 »et
1845 3054 2188 3136 profecto«,
2222 3048 2415 3139 quod,
2445 3063 2517 3117 ut
2544 3051 2824 3118 vidimus

357 3159 527 3246 apud
573 3157 954 3226 Ciceronem
996 3148 1212 3225 'multo
1257 3161 1490 3242 minim,
1549 3180 1744 3246 quam
1801 3159 1993 3245 vulgo
2051 3157 2466 3240 existimatur,
2518 3154 2827 3220 usitatum

359 3271 474 3342 est,
543 3271 915 3351 usurpatur:
988 3265 1141 3349 Iug.
1206 3264 1311 3346 85,
1375 3263 1489 3329 23:
1558 3263 1687 3329 »Et
1740 3261 2021 3343 profecto
2078 3259 2170 3323 ita
2224 3281 2293 3324 se
2336 3282 2440 3324 res
2484 3259 2719 3324 habet«
2762 3264 2829 3321 et

359 3369 525 3454 Ing.
572 3368 676 3450 85,
720 3367 833 3433 48:
879 3366 967 3432 Et
998 3366 1283 3447 profecto
1329 3354 1465 3431 deis
1508 3366 1879 3430 iuvantibus
1926 3363 2140 3429 omnia
2183 3371 2433 3428 matura
2477 3370 2639 3427 sunt.

532 3489 741 3554 »Nam
776 3486 1105 3573 profecto«
1152 3494 1249 3551 est
1293 3484 1460 3552 Cat.
1510 3485 1613 3553 51.

530 3608 635 3676 Ex
678 3608 820 3674 aliis
868 3605 1200 3674 Ciceronis
1245 3606 1619 3695 aequalibus
1668 3603 1978 3670 Caesar
2020 3626 2368 3691 numquam
2417 3604 2703 3688 (exstant
2747 3625 2827 3665 ex

365 3721 592 3779 octavo
625 3710 1230 3778 commentariorum
1245 3709 1324 3775 de
1351 3709 1522 3774 bello
1549 3705 1800 3773 Gallico
1825 3707 1989 3772 libro
2024 3715 2086 3771 et
2106 3729 2184 3771 ex
2214 3704 2380 3771 bello
2403 3704 2828 3792 Hispaniensi

365 3812 598 3902 singuli
650 3815 808 3881 loci:
878 3815 1058 3901 &321
1130 3824 1194 3878 et
1237 3814 1338 3889 25,
1397 3811 1540 3890 26.)‚
1585 3813 1858 3899 Nepos
1905 3810 2103 3877 semel
2146 3831 2490 3896 usurpasse
2533 3808 2831 3873 videntur

365 3919 772 4008 particulam:
825 3915 1096 4003 Pelop.
1142 3917 1203 3998 2,
1249 3916 1319 3981 3:
1363 3914 1643 4002 Magnae
1689 3936 1881 4001 saepe
1924 3937 2029 3979 res
2064 3908 2314 3978 nonita
2343 3913 2592 3998 magnis
2625 3910 2827 3998 copiis

369 4032 516 4089 sunt
542 4029 779 4109 gestae,
813 4015 926 4088 sed
953 4019 1230 4106 profecto
1272 4041 1623 4107 numquam
1664 4027 1798 4082 tam
1842 4018 1924 4083 ab
1969 4017 2142 4100 tenui
2187 4016 2367 4081 initio
2411 4024 2626 4080 tantae
2672 4037 2827 4102 opes

370 4135 516 4192 sunt
557 4123 950 4214 profligatae.

541 4246 739 4332 Apud
781 4245 869 4312 M.
913 4242 1355 4313 Varronem
1400 4241 1755 4328 »profecto«
1801 4214 1929 4307 non
1974 4216 2378 4328 deprehendi.

538 4366 775 4435 Poetae
825 4364 1023 4437 multo
1060 4365 1268 4435 rarius
1327 4386 1477 4430 usos
1536 4385 1681 4429 esse
1733 4361 1858 4428 hac
1913 4361 2132 4431 subtili
2187 4361 2465 4447 quadam
2530 4358 2832 4444 tenuique

372 4469 684 4558 particula
725 4492 858 4535 non
901 4479 999 4535 est
1040 4469 1327 4557 pluribus
1373 4465 1835 4554 explicandum.
