3142 5042
1457 237 1797 300 ..26-

388 460 622 529 coloris
666 461 881 548 itaque
925 461 1229 548 apodosis
1285 484 1417 528 non
1472 460 1757 526 omnium
1813 483 2132 526 consensu
2189 472 2300 526 aut
2364 469 2538 527 certo
2610 460 2847 525 iudicio

389 564 787 651 adiungatur,
853 564 1135 630 maxime
1201 573 1300 630 est
1361 585 1910 651 supervacaneum
1968 563 2392 631 subiectivam
2450 564 2852 652 particulam,

391 690 555 756 quae
601 676 700 733 est
733 667 1047 749 profecta,
1094 666 1346 733 addere.
1435 667 1686 733 Eadem
1729 675 1829 732 est
1870 666 2034 733 ratio
2082 667 2584 732 enuntiationum
2617 666 2848 752 optati·

390 790 631 849 varum,
677 770 911 857 quibus
955 771 1111 835 item
1154 770 1477 836 conclusio
1522 792 1639 856 per
1681 770 1956 850 profecto
2010 770 2389 859 particulam
2445 769 2733 846 adicitur,
2780 778 2852 832 ut

387 875 548 942 haec
593 873 918 940 conclusio
965 874 1246 961 speciem
1289 873 1759 961 probabilitatis
1804 895 1959 960 prae
2005 895 2075 938 se
2118 873 2299 951 ferat,
2331 873 2393 939 h.
2418 896 2473 939 e.
2498 871 2854 939 subiective

388 1000 471 1044 ex
515 1000 711 1044 sensu
751 976 944 1058 illius,
990 976 1100 1062 qui
1145 978 1347 1045 verba
1387 976 1560 1041 facit.
1651 975 1801 1056 Qua
1843 998 1913 1041 re
1956 999 2087 1043 non
2132 977 2432 1043 convenit
2472 974 2805 1062 »profecto
2823 1001 2854 1032 <e

388 1082 459 1146 in
524 1101 713 1147 veras
784 1080 1143 1168 optationes
1202 1080 1494 1165 (excepto
1558 1102 1687 1145 uno
1748 1080 1926 1145 loco:
2002 1080 2163 1146 Att.
2242 1079 2343 1161 14,
2411 1078 2514 1159 17,
2575 1077 2646 1141 2:
2715 1078 2849 1142 »De

387 1183 724 1250 Buthrotio
766 1183 1036 1269 negotio
1081 1182 1326 1248 utinam
1380 1182 1640 1268 quidem
1694 1182 2047 1247 Antonium
2110 1182 2523 1248 conveniam!
2580 1184 2853 1245 multum

375 1287 662 1368 profecto
704 1285 1145 1375 proficiam.«),
1179 1285 1295 1350 sed,
1338 1296 1562 1350 contra
1588 1284 1657 1348 in
1688 1307 1798 1349 eas
1832 1285 2114 1367 irreale5‚
2173 1306 2336 1372 quae
2367 1283 2593 1351 eodem
2634 1283 2850 1366 mod0,

388 1408 514 1472 quo
561 1406 758 1474 supra
810 1411 873 1473 p.
923 1388 1002 1451 17
1049 1388 1129 1453 de
1172 1387 1510 1453 irrealibus
1556 1387 2040 1453 condicionibus
2072 1387 2464 1476 disputatum
2496 1397 2612 1470 est,
2641 1387 2854 1453 forma

387 1489 618 1575 potius,
661 1512 794 1555 non
840 1512 1033 1556 sensu
1078 1500 1228 1556 sunt
1271 1491 1612 1578 optativae.
1705 1490 1855 1556 Huc
1897 1491 2287 1577 pertinentes
2343 1491 2543 1573 locos,
2590 1500 2662 1555 ut
2703 1498 2852 1555 sunt

387 1592 595 1680 pauci,
640 1592 771 1661 iam
812 1593 921 1660 hic
963 1594 1333 1660 afferamus.

660 1696 784 1763 Br.
860 1698 1012 1766 103:
1078 1697 1341 1764 Utinam
1396 1696 1465 1761 in
1509 1695 1605 1762 Ti.
1659 1693 1977 1770 Graccho
1992 1695 2299 1785 Gaioque
2347 1695 2647 1763 Carbone
2702 1697 2850 1762 talis

587 1822 770 1865 mens
818 1801 902 1865 ad
947 1800 1408 1887 rempublicam
1452 1800 1619 1865 benc
1653 1799 1998 1885 gerendam
2029 1800 2278 1883 fuisset,
2309 1801 2540 1884 quale
2522 1799 2849 1885 ingenium

595 1903 679 1968 ad
700 1906 730 1965 b
740 1926 857 1968 ene
873 1903 1212 1969 dicendum
1231 1903 1352 1969 fuit
1363 1928 1377 1967 ε
1390 1903 1675 1984 profecto
1690 1925 1878 1969 nemo
1895 1903 1998 1969 his
2013 1903 2168 1969 viris
2187 1904 2392 1989 gloria
2404 1904 2849 1991 praestitisset.

694 2029 802 2093 ep.
852 2008 955 2087 10,
1001 2008 1105 2088 33,
1157 2008 1222 2077 l:
1272 2016 1482 2093 atque,
1529 2007 1775 2072 utinam
1821 2055 1837 2072 .
1886 2057 1900 2071 .
1947 2054 1964 2071 .
2025 2029 2130 2072 me
2186 2029 2439 2094 quoque
2493 2006 2847 2073 iussissetis

594 2109 847 2175 venire!
897 2109 1189 2191 Profecto
1233 2133 1364 2175 non
1409 2110 1766 2197 accepisset
1806 2110 2171 2197 respublica
2211 2111 2338 2177 hoc
2381 2111 2633 2178 vulnus

696 2235 807 2298 ep.
853 2213 911 2290 4,
961 2214 1018 2294 1,
1067 2213 1134 2280 l:
1181 2213 1422 2278 utinam
1467 2260 1485 2278 .
1532 2262 1548 2279 .
1598 2263 1613 2277 .
1661 2213 1941 2298 colloqui
1994 2214 2425 2300 potuissemus
2484 2214 2659 2280 incter.
2694 2215 2846 2279 nos!

578 2315 868 2397 profecto
913 2316 1153 2404 aliquid
1199 2316 1341 2404 opis
1387 2316 1703 2382 occidenti
1745 2316 2136 2402 reipublicae
2179 2317 2566 2384 tulissemus.

703 2420 855 2485 Att.
904 2421 967 2501 2,
1010 2422 1114 2502 22,
1164 2421 1227 2486 1:
1274 2418 1488 2499 Quam
1532 2419 1761 2485 vellem
1809 2419 2055 2485 Romae
2099 2420 2482 2486 mansisses!
2541 2421 2839 2505 Pr0fect0‚

595 2523 651 2587 si
694 2521 856 2588 haec
897 2522 1037 2589 fore
1080 2532 1513 2611 putassemUS,
1559 2525 1673 2605 (sc.
1718 2522 2122 2609 mansisses).

693 2626 857 2692 Att.
913 2626 976 2707 4,
1025 2627 1125 2707 16,
1170 2625 1240 2691 9:
1288 2624 1420 2692 Sed
1471 2625 1600 2691 hoc
1639 2626 1896 2691 mallem
1936 2626 2187 2712 integra
2227 2649 2298 2691 re
2343 2633 2555 2691 tecum
2600 2626 2846 2713 egisse:

594 2728 878 2813 profecto
924 2730 1093 2794 enim
1139 2728 1380 2817 aliquid
1427 2729 1736 2816 egissem..

1117 2923 1175 2965 a.
1244 2899 1765 2999 condiciones
1832 2902 2117 2967 reales.

558 3039 942 3118 RedeamuS,
995 3039 1051 3104 si
1118 3038 1355 3126 placet,
1415 3037 1496 3102 ad
1549 3038 2020 3104 condicionales
2079 3039 2563 3105 enuntiationes.
2655 3038 2850 3120 Quod

390 3141 471 3208 ad
513 3143 719 3208 reales
766 3143 1010 3220 attinet,
1053 3165 1128 3208 eo
1159 3164 1423 3208 munere
1451 3141 1735 3223 fungitur
1779 3143 2182 3229 »profecto«,
2229 3151 2300 3207 ut
2345 3142 2668 3208 conclusio
2715 3166 2849 3208 non

388 3257 520 3310 tam
564 3246 631 3310 in
677 3268 748 3310 re
794 3255 983 3333 atque
1026 3253 1256 3311 natura
1300 3245 1512 3332 posita
1556 3267 1700 3310 esse
1746 3244 2155 3331 significetur,
2201 3269 2396 3333 quam
2436 3246 2504 3309 in
2546 3245 2846 3332 opinione

392 3349 589 3414 verba
631 3348 944 3414 facIentiS.
1033 3346 1223 3414 Unde
1268 3347 1559 3428 efficitur,
1605 3356 1675 3411 ut
1717 3347 1808 3411 ita
1835 3358 2212 3435 usurpatum
2256 3347 2584 3437 »profecto
2604 3375 2630 3405 ‹<
2674 3347 2841 3415 idem

388 3452 521 3518 fere
563 3452 795 3533 valeat,
844 3451 1017 3537 quod
1062 3448 1298 3517 Graeci
1328 3450 1617 3537 optativo
1660 3451 1854 3516 modo
1884 3473 2028 3515 cum
2062 3449 2131 3513 ἄν
2164 3452 2476 3539 particula
2506 3451 2839 3518 coniuncto

390 3555 597 3621 solent
639 3554 1008 3643 exprimere.
1094 3554 1320 3637 Itaque
1363 3576 1493 3619 non
1536 3553 1854 3619 immerito
1899 3554 2075 3619 illam
2116 3554 2421 3621 formam:

798 3667 1032 3744 »pr-ot:
1082 3659 1139 3723 si
1182 3679 1236 3722 c.
1279 3656 1414 3724 ind.
1459 3656 1712 3743 apod.:
1763 3658 2046 3742 profecto
2088 3680 2142 3722 c.
2187 3656 2441 3735 india«,

389 3761 774 3848 peculiarem
838 3760 1285 3827 condicionum
1340 3781 1559 3825 casum
1624 3758 2077 3847 interpreteris,
2144 3761 2252 3848 qui
2317 3759 2597 3826 mediam
2652 3759 2852 3825 habet

391 3864 608 3942 sedem
673 3864 840 3930 inter
901 3864 1140 3930 realem
1204 3873 1268 3932 et
1315 3857 1723 3950 potentialem
1788 3863 2247 3930 condicionem.
2378 3862 2590 3931 Simili
2651 3861 2847 3929 modo

392 3966 624 4034 Graeci
668 3989 920 4055 quoque
962 3968 1241 4034 mediam
1283 3966 1603 4054 quandam
1644 3966 2027 4033 locutionem
2056 3966 2380 4049 adhibent,
2422 3988 2568 4033 cum
2599 3965 2849 4034 dicant:

561 4079 755 4157 prot.
810 4072 867 4134 εἰ
917 4092 972 4139 c.
1015 4071 1204 4138 indic.
1252 4069 1470 4158 apod.
1517 4078 1643 4157 opt.
1691 4091 1745 4135 c.
1794 4069 1884 4135 ἄν.
1969 4069 2165 4136 Velut
2204 4068 2372 4137 Xen.
2418 4069 2849 4139 Memorab.

390 4176 447 4253 2,
492 4175 551 4254 2,
595 4175 664 4239 3:
712 4173 949 4251 οὐκοῦν,
993 4175 1056 4238 εἴ
1095 4199 1165 4259 γε
1220 4175 1413 4243 οὕτως
1466 4171 1597 4258 ἔχει
1651 4177 1857 4251 τοῦτο,
1913 4175 2225 4258 εἰλικρινής
2267 4195 2353 4241 τις
2397 4172 2466 4237 ἂν
2512 4172 2603 4258 εἴη
2649 4172 2853 4236 ἀδικία

292 4298 301 4306 ·
391 4281 429 4363 ἡ
473 4277 806 4364 ἀχαριστία.
863 4316 934 4327 -
979 4278 1162 4344 ibid.
1216 4280 1279 4361 2,
1324 4283 1383 4357 5,
1429 4277 1500 4342 4:
1568 4276 1782 4340 οὐκοῦν
1815 4324 1833 4342 .
1880 4326 1896 4343 .
1942 4326 1960 4344 .
2008 4276 2157 4360 εἴγε
2200 4281 2386 4341 ταῦτα
2415 4278 2666 4342 τοιαῦταί
2705 4278 2858 4357 ἐστι,

389 4385 591 4450 καλῶς
632 4381 701 4446 ἂν
749 4380 882 4469 ἔχοι
928 4382 1212 4455 ἐξετάζων
1256 4382 1384 4447 τινὰ
1430 4379 1662 4445 ἑαυτόν.

563 4486 710 4554 Jam
758 4507 906 4554 vero
952 4486 1291 4554 afferamus
1335 4486 1532 4563 locos
1579 4483 1689 4573 qui
1731 4482 1858 4549 huc
1898 4483 2240 4575 pertinent.
