<?xml version="1.0" encoding="UTF-8"?>
<!DOCTYPE html PUBLIC "-//W3C//DTD XHTML 1.0 Transitional//EN"
    "http://www.w3.org/TR/xhtml1/DTD/xhtml1-transitional.dtd">
<html xmlns="http://www.w3.org/1999/xhtml" xml:lang="en" lang="en">
 <head>
  <title>
</title>
<meta http-equiv="Content-Type" content="text/html;charset=utf-8" />
  <meta name='ocr-system' content='tesseract 3.04.00' />
  <meta name='ocr-capabilities' content='ocr_page ocr_carea ocr_par ocr_line ocrx_word'/>
</head>
<body>
  <div class='ocr_page' id='page_1' title='image "./deaffirmandipar00steigoog_0034.png"; bbox 0 0 3142 5042; ppageno 0'>
   <div class='ocr_carea' id='block_1_1' title="bbox 1425 236 1767 301">
    <p class='ocr_par' dir='ltr' id='par_1_1' title="bbox 1425 236 1767 301">
     <span class='ocr_line' id='line_1_1' title="bbox 1425 236 1767 301; baseline 0 -18"><span class='ocrx_word' id='word_1_1' title='bbox 1425 236 1767 301; x_wconf 70' lang='lat'><strong>...22-</strong></span> 
     </span>
    </p>
   </div>
   <div class='ocr_carea' id='block_1_2' title="bbox 356 455 2822 2554">
    <p class='ocr_par' dir='ltr' id='par_1_2' title="bbox 356 455 2818 1059">
     <span class='ocr_line' id='line_1_2' title="bbox 530 455 2816 546; baseline -0 -24"><span class='ocrx_word' id='word_1_2' title='bbox 530 455 856 537; x_wconf 81' lang='lat' dir='ltr'><strong>Quoniam</strong></span> <span class='ocrx_word' id='word_1_3' title='bbox 911 456 990 523; x_wconf 91' lang='lat' dir='ltr'><strong>de</strong></span> <span class='ocrx_word' id='word_1_4' title='bbox 1055 456 1413 543; x_wconf 85' lang='lat' dir='ltr'><strong>praesentis</strong></span> <span class='ocrx_word' id='word_1_5' title='bbox 1481 458 1684 524; x_wconf 86' lang='lat' dir='ltr'><strong>altera</strong></span> <span class='ocrx_word' id='word_1_6' title='bbox 1751 480 2029 546; x_wconf 88' lang='lat' dir='ltr'><strong>persona</strong></span> <span class='ocrx_word' id='word_1_7' title='bbox 2067 459 2251 524; x_wconf 90' lang='lat' dir='ltr'><strong>-satis</strong></span> <span class='ocrx_word' id='word_1_8' title='bbox 2321 460 2521 524; x_wconf 84' lang='lat' dir='ltr'><strong>verba</strong></span> <span class='ocrx_word' id='word_1_9' title='bbox 2583 457 2816 523; x_wconf 87' lang='lat' dir='ltr'><strong>fecisse</strong></span> 
     </span>
     <span class='ocr_line' id='line_1_3' title="bbox 359 558 2811 649; baseline -0 -24"><span class='ocrx_word' id='word_1_10' title='bbox 359 558 683 642; x_wconf 89' lang='lat' dir='ltr'><strong>videmur,</strong></span> <span class='ocrx_word' id='word_1_11' title='bbox 762 560 1140 627; x_wconf 79' lang='lat' dir='ltr'><strong>accedamus</strong></span> <span class='ocrx_word' id='word_1_12' title='bbox 1208 559 1289 625; x_wconf 93' lang='lat' dir='ltr'><strong>ad</strong></span> <span class='ocrx_word' id='word_1_13' title='bbox 1355 560 1626 626; x_wconf 88' lang='lat' dir='ltr'><strong>eandem</strong></span> <span class='ocrx_word' id='word_1_14' title='bbox 1687 560 1885 626; x_wconf 82' lang='lat' dir='ltr'><strong>futuri</strong></span> <span class='ocrx_word' id='word_1_15' title='bbox 1948 584 2323 648; x_wconf 77' lang='lat' dir='ltr'>personam,</span> <span class='ocrx_word' id='word_1_16' title='bbox 2386 583 2552 649; x_wconf 89' lang='lat' dir='ltr'><strong>quae</strong></span> <span class='ocrx_word' id='word_1_17' title='bbox 2613 560 2811 625; x_wconf 90' lang='lat' dir='ltr'><strong>multo</strong></span> 
     </span>
     <span class='ocr_line' id='line_1_4' title="bbox 361 661 2804 752; baseline 0 -26"><span class='ocrx_word' id='word_1_18' title='bbox 361 661 721 728; x_wconf 88' lang='lat' dir='ltr'><strong>evidentius</strong></span> <span class='ocrx_word' id='word_1_19' title='bbox 765 662 1144 752; x_wconf 81' lang='lat' dir='ltr'><strong>planiusque</strong></span> <span class='ocrx_word' id='word_1_20' title='bbox 1187 685 1417 737; x_wconf 57' lang='lat' dir='ltr'><strong>veram,</strong></span> <span class='ocrx_word' id='word_1_21' title='bbox 1451 664 1801 752; x_wconf 79' lang='lat' dir='ltr'><strong>particulae</strong></span> <span class='ocrx_word' id='word_1_22' title='bbox 1841 665 2120 748; x_wconf 75' lang='lat' dir='ltr'><strong>profecto</strong></span> <span class='ocrx_word' id='word_1_23' title='bbox 2168 665 2301 732; x_wconf 88' lang='lat' dir='ltr'><strong>vim</strong></span> <span class='ocrx_word' id='word_1_24' title='bbox 2346 686 2500 752; x_wconf 89' lang='lat' dir='ltr'><strong>prae</strong></span> <span class='ocrx_word' id='word_1_25' title='bbox 2547 685 2617 730; x_wconf 89' lang='lat' dir='ltr'><strong>se</strong></span> <span class='ocrx_word' id='word_1_26' title='bbox 2658 663 2804 729; x_wconf 87' lang='lat' dir='ltr'><strong>fert.</strong></span> 
     </span>
     <span class='ocr_line' id='line_1_5' title="bbox 356 765 2817 853; baseline -0.001 -21"><span class='ocrx_word' id='word_1_27' title='bbox 356 765 720 853; x_wconf 88' lang='lat' dir='ltr'><strong>Usurpatur</strong></span> <span class='ocrx_word' id='word_1_28' title='bbox 752 766 1060 848; x_wconf 76' lang='lat' dir='ltr'><strong>profecte,</strong></span> <span class='ocrx_word' id='word_1_29' title='bbox 1108 765 1163 832; x_wconf 91' lang='lat' dir='ltr'><strong>si</strong></span> <span class='ocrx_word' id='word_1_30' title='bbox 1208 766 1351 853; x_wconf 90' lang='lat' dir='ltr'><strong>quis</strong></span> <span class='ocrx_word' id='word_1_31' title='bbox 1398 765 1758 853; x_wconf 88' lang='lat' dir='ltr'><strong>significare</strong></span> <span class='ocrx_word' id='word_1_32' title='bbox 1806 768 1954 845; x_wconf 88' lang='lat' dir='ltr'><strong>vult,</strong></span> <span class='ocrx_word' id='word_1_33' title='bbox 2001 767 2154 853; x_wconf 89' lang='lat' dir='ltr'><strong>quid</strong></span> <span class='ocrx_word' id='word_1_34' title='bbox 2197 767 2357 833; x_wconf 88' lang='lat' dir='ltr'><strong>alter</strong></span> <span class='ocrx_word' id='word_1_35' title='bbox 2401 788 2518 832; x_wconf 89' lang='lat' dir='ltr'><strong>sua</strong></span> <span class='ocrx_word' id='word_1_36' title='bbox 2561 766 2817 851; x_wconf 89' lang='lat' dir='ltr'><strong>quidem</strong></span> 
     </span>
     <span class='ocr_line' id='line_1_6' title="bbox 360 868 2818 955; baseline 0 -23"><span class='ocrx_word' id='word_1_37' title='bbox 360 869 674 934; x_wconf 85' lang='lat' dir='ltr'><strong>sententia</strong></span> <span class='ocrx_word' id='word_1_38' title='bbox 715 868 1000 935; x_wconf 87' lang='lat' dir='ltr'><strong>facturus</strong></span> <span class='ocrx_word' id='word_1_39' title='bbox 1047 868 1145 933; x_wconf 89' lang='lat' dir='ltr'><strong>sit.</strong></span> <span class='ocrx_word' id='word_1_40' title='bbox 1238 868 1370 934; x_wconf 91' lang='lat' dir='ltr'><strong>Hic</strong></span> <span class='ocrx_word' id='word_1_41' title='bbox 1424 891 1678 955; x_wconf 90' lang='lat' dir='ltr'><strong>quoque</strong></span> <span class='ocrx_word' id='word_1_42' title='bbox 1736 869 2095 955; x_wconf 82' lang='lat' dir='ltr'><strong>complures</strong></span> <span class='ocrx_word' id='word_1_43' title='bbox 2150 868 2508 955; x_wconf 83' lang='lat' dir='ltr'><strong>locutiones</strong></span> <span class='ocrx_word' id='word_1_44' title='bbox 2562 870 2634 934; x_wconf 89' lang='lat' dir='ltr'><strong>in</strong></span> <span class='ocrx_word' id='word_1_45' title='bbox 2685 869 2818 934; x_wconf 87' lang='lat' dir='ltr'><strong>for-</strong></span> 
     </span>
     <span class='ocr_line' id='line_1_7' title="bbox 358 969 2104 1059; baseline 0.001 -23"><span class='ocrx_word' id='word_1_46' title='bbox 358 971 679 1037; x_wconf 86' lang='lat' dir='ltr'><strong>mularum</strong></span> <span class='ocrx_word' id='word_1_47' title='bbox 723 971 908 1059; x_wconf 89' lang='lat' dir='ltr'><strong>quasi</strong></span> <span class='ocrx_word' id='word_1_48' title='bbox 953 969 1480 1037; x_wconf 90' lang='lat' dir='ltr'><strong>consuetudinem</strong></span> <span class='ocrx_word' id='word_1_49' title='bbox 1525 982 1855 1054; x_wconf 87' lang='lat' dir='ltr'><strong>venerunt,</strong></span> <span class='ocrx_word' id='word_1_50' title='bbox 1901 972 2104 1037; x_wconf 86' lang='lat' dir='ltr'><strong>velut:</strong></span> 
     </span>
    </p>

    <p class='ocr_par' dir='ltr' id='par_1_3' title="bbox 359 1089 2814 1277">
     <span class='ocr_line' id='line_1_8' title="bbox 525 1089 2814 1179; baseline -0 -24"><span class='ocrx_word' id='word_1_51' title='bbox 525 1091 854 1178; x_wconf 81' lang='lat' dir='ltr'><strong>intelleges</strong></span> <span class='ocrx_word' id='word_1_52' title='bbox 895 1092 1203 1176; x_wconf 78' lang='lat' dir='ltr'><strong>profecto:</strong></span> <span class='ocrx_word' id='word_1_53' title='bbox 1272 1093 1432 1158; x_wconf 91' lang='lat' dir='ltr'><strong>Att.</strong></span> <span class='ocrx_word' id='word_1_54' title='bbox 1496 1091 1610 1174; x_wconf 92' lang='grc'><strong>11,</strong></span> <span class='ocrx_word' id='word_1_55' title='bbox 1656 1092 1729 1174; x_wconf 86' lang='grc'><strong>5,</strong></span> <span class='ocrx_word' id='word_1_56' title='bbox 1775 1092 1846 1172; x_wconf 86' lang='grc'><strong>3;</strong></span> <span class='ocrx_word' id='word_1_57' title='bbox 1894 1114 2002 1179; x_wconf 91' lang='lat' dir='ltr'><strong>ep.</strong></span> <span class='ocrx_word' id='word_1_58' title='bbox 2043 1092 2104 1174; x_wconf 89' lang='grc'><strong>6,</strong></span> <span class='ocrx_word' id='word_1_59' title='bbox 2152 1093 2212 1176; x_wconf 84' lang='grc'><strong>2,</strong></span> <span class='ocrx_word' id='word_1_60' title='bbox 2259 1092 2331 1174; x_wconf 83' lang='grc'><strong>3;</strong></span> <span class='ocrx_word' id='word_1_61' title='bbox 2379 1089 2646 1172; x_wconf 79' lang='lat' dir='ltr'><strong>Quint.</strong></span> <span class='ocrx_word' id='word_1_62' title='bbox 2695 1090 2814 1170; x_wconf 76' lang='lat'><strong>793</strong></span> 
     </span>
     <span class='ocr_line' id='line_1_9' title="bbox 359 1193 1316 1277; baseline -0.003 -16"><span class='ocrx_word' id='word_1_63' title='bbox 359 1194 589 1261; x_wconf 88' lang='lat' dir='ltr'><strong>Rosc.</strong></span> <span class='ocrx_word' id='word_1_64' title='bbox 634 1194 752 1277; x_wconf 77' lang='lat'><strong>483</strong></span> <span class='ocrx_word' id='word_1_65' title='bbox 812 1193 1124 1262; x_wconf 87' lang='lat' dir='ltr'><strong>Cluent.</strong></span> <span class='ocrx_word' id='word_1_66' title='bbox 1175 1195 1316 1259; x_wconf 81' lang='lat'><strong>160.</strong></span> 
     </span>
    </p>

    <p class='ocr_par' dir='ltr' id='par_1_4' title="bbox 359 1311 2819 1503">
     <span class='ocr_line' id='line_1_10' title="bbox 527 1311 2819 1403; baseline -0 -24"><span class='ocrx_word' id='word_1_67' title='bbox 527 1315 807 1403; x_wconf 88' lang='lat' dir='ltr'><strong>reperies</strong></span> <span class='ocrx_word' id='word_1_68' title='bbox 849 1311 1155 1399; x_wconf 79' lang='lat' dir='ltr'><strong>profecto:</strong></span> <span class='ocrx_word' id='word_1_69' title='bbox 1223 1316 1384 1383; x_wconf 88' lang='lat' dir='ltr'><strong>Att.</strong></span> <span class='ocrx_word' id='word_1_70' title='bbox 1442 1315 1514 1397; x_wconf 88' lang='lat'><strong>9,</strong></span> <span class='ocrx_word' id='word_1_71' title='bbox 1578 1315 1729 1395; x_wconf 89' lang='lat' dir='ltr'><strong>lla,</strong></span> <span class='ocrx_word' id='word_1_72' title='bbox 1790 1316 1860 1395; x_wconf 84' lang='lat'><strong>23</strong></span> <span class='ocrx_word' id='word_1_73' title='bbox 1932 1337 2039 1400; x_wconf 91' lang='lat' dir='ltr'><strong>ep.</strong></span> <span class='ocrx_word' id='word_1_74' title='bbox 2105 1315 2176 1396; x_wconf 89' lang='lat'><strong>5,</strong></span> <span class='ocrx_word' id='word_1_75' title='bbox 2236 1314 2351 1395; x_wconf 86' lang='lat'><strong>13,</strong></span> <span class='ocrx_word' id='word_1_76' title='bbox 2419 1314 2487 1377; x_wconf 80' lang='lat'><strong>3:</strong></span> <span class='ocrx_word' id='word_1_77' title='bbox 2567 1312 2626 1378; x_wconf 90' lang='lat' dir='ltr'><strong>d.</strong></span> <span class='ocrx_word' id='word_1_78' title='bbox 2673 1313 2819 1398; x_wconf 90' lang='lat' dir='ltr'><strong>leg.</strong></span> 
     </span>
     <span class='ocr_line' id='line_1_11' title="bbox 359 1415 1307 1503; baseline -0.001 -21"><span class='ocrx_word' id='word_1_79' title='bbox 359 1439 518 1503; x_wconf 89' lang='lat' dir='ltr'><strong>agr.</strong></span> <span class='ocrx_word' id='word_1_80' title='bbox 564 1420 638 1496; x_wconf 90' lang='grc'><strong>2,</strong></span> <span class='ocrx_word' id='word_1_81' title='bbox 685 1418 754 1500; x_wconf 86' lang='grc'><strong>3;</strong></span> <span class='ocrx_word' id='word_1_82' title='bbox 803 1415 1069 1485; x_wconf 87' lang='lat' dir='ltr'><strong>Scaur.</strong></span> <span class='ocrx_word' id='word_1_83' title='bbox 1115 1417 1189 1500; x_wconf 87' lang='lat'><strong>4,</strong></span> <span class='ocrx_word' id='word_1_84' title='bbox 1237 1419 1307 1499; x_wconf 84' lang='lat'><strong>53</strong></span> 
     </span>
    </p>

    <p class='ocr_par' dir='ltr' id='par_1_5' title="bbox 529 1520 2553 1609">
     <span class='ocr_line' id='line_1_12' title="bbox 529 1520 2553 1609; baseline -0.001 -23"><span class='ocrx_word' id='word_1_85' title='bbox 529 1520 765 1587; x_wconf 83' lang='lat' dir='ltr'><strong>efficies</strong></span> <span class='ocrx_word' id='word_1_86' title='bbox 799 1521 1118 1607; x_wconf 77' lang='lat' dir='ltr'><strong>profecto:</strong></span> <span class='ocrx_word' id='word_1_87' title='bbox 1179 1521 1309 1587; x_wconf 85' lang='lat' dir='ltr'><strong>off.</strong></span> <span class='ocrx_word' id='word_1_88' title='bbox 1358 1521 1427 1603; x_wconf 95' lang='grc'><strong>1,</strong></span> <span class='ocrx_word' id='word_1_89' title='bbox 1487 1522 1559 1603; x_wconf 85' lang='grc'><strong>2;</strong></span> <span class='ocrx_word' id='word_1_90' title='bbox 1620 1543 2010 1609; x_wconf 85' lang='lat' dir='ltr'><strong>consequere</strong></span> <span class='ocrx_word' id='word_1_91' title='bbox 2058 1543 2166 1608; x_wconf 89' lang='lat' dir='ltr'><strong>ep.</strong></span> <span class='ocrx_word' id='word_1_92' title='bbox 2217 1521 2286 1602; x_wconf 91' lang='grc'><strong>7,</strong></span> <span class='ocrx_word' id='word_1_93' title='bbox 2336 1521 2448 1601; x_wconf 93' lang='grc'><strong>11,</strong></span> <span class='ocrx_word' id='word_1_94' title='bbox 2496 1520 2553 1597; x_wconf 86' lang='grc'><strong>3,</strong></span> 
     </span>
    </p>

    <p class='ocr_par' dir='ltr' id='par_1_6' title="bbox 358 1622 2822 2431">
     <span class='ocr_line' id='line_1_13' title="bbox 528 1622 2648 1712; baseline -0.002 -23"><span class='ocrx_word' id='word_1_95' title='bbox 528 1624 874 1710; x_wconf 82' lang='lat' dir='ltr'><strong>ignoscetis</strong></span> <span class='ocrx_word' id='word_1_96' title='bbox 938 1623 995 1689; x_wconf 93' lang='lat' dir='ltr'><strong>d.</strong></span> <span class='ocrx_word' id='word_1_97' title='bbox 1064 1648 1152 1690; x_wconf 91' lang='lat' dir='ltr'><strong>or.</strong></span> <span class='ocrx_word' id='word_1_98' title='bbox 1209 1626 1282 1707; x_wconf 83' lang='lat'><strong>2,</strong></span> <span class='ocrx_word' id='word_1_99' title='bbox 1328 1625 1487 1705; x_wconf 79' lang='lat'>3613</span> <span class='ocrx_word' id='word_1_100' title='bbox 1542 1623 1879 1712; x_wconf 88' lang='lat' dir='ltr'><strong>requiretis</strong></span> <span class='ocrx_word' id='word_1_101' title='bbox 1938 1622 1997 1688; x_wconf 91' lang='lat' dir='ltr'><strong>d.</strong></span> <span class='ocrx_word' id='word_1_102' title='bbox 2044 1623 2346 1691; x_wconf 89' lang='lat' dir='ltr'><strong>invent.</strong></span> <span class='ocrx_word' id='word_1_103' title='bbox 2407 1624 2475 1703; x_wconf 86' lang='lat'><strong>1,</strong></span> <span class='ocrx_word' id='word_1_104' title='bbox 2535 1622 2648 1702; x_wconf 75' lang='lat'><strong>523</strong></span> 
     </span>
     <span class='ocr_line' id='line_1_14' title="bbox 359 1724 2819 1816; baseline -0 -26"><span class='ocrx_word' id='word_1_105' title='bbox 359 1724 532 1792; x_wconf 90' lang='lat' dir='ltr'><strong>dices</strong></span> <span class='ocrx_word' id='word_1_106' title='bbox 578 1726 692 1793; x_wconf 90' lang='lat' dir='ltr'><strong>ad.</strong></span> <span class='ocrx_word' id='word_1_107' title='bbox 737 1730 893 1795; x_wconf 90' lang='lat' dir='ltr'><strong>Att.</strong></span> <span class='ocrx_word' id='word_1_108' title='bbox 940 1731 1009 1812; x_wconf 86' lang='lat'><strong>7,</strong></span> <span class='ocrx_word' id='word_1_109' title='bbox 1055 1729 1125 1811; x_wconf 85' lang='lat'><strong>9,</strong></span> <span class='ocrx_word' id='word_1_110' title='bbox 1172 1731 1244 1811; x_wconf 84' lang='grc'><strong>2;</strong></span> <span class='ocrx_word' id='word_1_111' title='bbox 1291 1751 1643 1816; x_wconf 85' lang='lat' dir='ltr'><strong>cognosces</strong></span> <span class='ocrx_word' id='word_1_112' title='bbox 1689 1730 1760 1810; x_wconf 88' lang='grc'><strong>2,</strong></span> <span class='ocrx_word' id='word_1_113' title='bbox 1808 1728 1880 1810; x_wconf 92' lang='grc'><strong>3,</strong></span> <span class='ocrx_word' id='word_1_114' title='bbox 1926 1729 2002 1810; x_wconf 86' lang='grc'><strong>2;</strong></span> <span class='ocrx_word' id='word_1_115' title='bbox 2047 1752 2177 1793; x_wconf 93' lang='lat' dir='ltr'><strong>non</strong></span> <span class='ocrx_word' id='word_1_116' title='bbox 2235 1727 2498 1792; x_wconf 88' lang='lat' dir='ltr'><strong>audebis</strong></span> <span class='ocrx_word' id='word_1_117' title='bbox 2541 1726 2819 1810; x_wconf 77' lang='lat' dir='ltr'><strong>profecto</strong></span> 
     </span>
     <span class='ocr_line' id='line_1_15' title="bbox 359 1827 2821 1919; baseline -0 -25"><span class='ocrx_word' id='word_1_118' title='bbox 359 1827 586 1895; x_wconf 85' lang='lat' dir='ltr'><strong>Tusc.</strong></span> <span class='ocrx_word' id='word_1_119' title='bbox 650 1831 723 1913; x_wconf 85' lang='lat'><strong>2,</strong></span> <span class='ocrx_word' id='word_1_120' title='bbox 768 1830 883 1913; x_wconf 78' lang='lat'><strong>453</strong></span> <span class='ocrx_word' id='word_1_121' title='bbox 931 1830 1164 1897; x_wconf 90' lang='lat' dir='ltr'><strong>dabitis</strong></span> <span class='ocrx_word' id='word_1_122' title='bbox 1210 1831 1425 1898; x_wconf 91' lang='lat' dir='ltr'><strong>acad.</strong></span> <span class='ocrx_word' id='word_1_123' title='bbox 1479 1833 1546 1914; x_wconf 93' lang='lat'><strong>1,</strong></span> <span class='ocrx_word' id='word_1_124' title='bbox 1595 1831 1710 1913; x_wconf 78' lang='lat'><strong>243</strong></span> <span class='ocrx_word' id='word_1_125' title='bbox 1755 1830 1973 1897; x_wconf 88' lang='lat' dir='ltr'><strong>Verr.</strong></span> <span class='ocrx_word' id='word_1_126' title='bbox 2020 1854 2088 1896; x_wconf 85' lang='lat' dir='ltr'><strong>a.</strong></span> <span class='ocrx_word' id='word_1_127' title='bbox 2136 1855 2242 1919; x_wconf 89' lang='lat' dir='ltr'><strong>pr.</strong></span> <span class='ocrx_word' id='word_1_128' title='bbox 2292 1831 2405 1912; x_wconf 79' lang='lat'><strong>323</strong></span> <span class='ocrx_word' id='word_1_129' title='bbox 2460 1829 2713 1894; x_wconf 87' lang='lat' dir='ltr'><strong>facilem</strong></span> <span class='ocrx_word' id='word_1_130' title='bbox 2757 1838 2821 1893; x_wconf 92' lang='lat' dir='ltr'><strong>te</strong></span> 
     </span>
     <span class='ocr_line' id='line_1_16' title="bbox 358 1932 2822 2021; baseline -0 -24"><span class='ocrx_word' id='word_1_131' title='bbox 358 1932 699 2019; x_wconf 89' lang='lat' dir='ltr'><strong>praebebis</strong></span> <span class='ocrx_word' id='word_1_132' title='bbox 746 1936 905 2001; x_wconf 90' lang='lat' dir='ltr'><strong>Att.</strong></span> <span class='ocrx_word' id='word_1_133' title='bbox 957 1934 1067 2013; x_wconf 88' lang='lat'><strong>14,</strong></span> <span class='ocrx_word' id='word_1_134' title='bbox 1115 1935 1267 2017; x_wconf 84' lang='lat' dir='ltr'><strong>13a,</strong></span> <span class='ocrx_word' id='word_1_135' title='bbox 1312 1936 1387 2015; x_wconf 77' lang='lat'><strong>23</strong></span> <span class='ocrx_word' id='word_1_136' title='bbox 1422 1934 1698 2021; x_wconf 90' lang='lat' dir='ltr'><strong>accipies</strong></span> <span class='ocrx_word' id='word_1_137' title='bbox 1742 1957 1840 2020; x_wconf 91' lang='lat' dir='ltr'><strong>ep.</strong></span> <span class='ocrx_word' id='word_1_138' title='bbox 1891 1935 2003 2012; x_wconf 89' lang='grc'><strong>11,</strong></span> <span class='ocrx_word' id='word_1_139' title='bbox 2051 1936 2121 2017; x_wconf 82' lang='grc'><strong>2,</strong></span> <span class='ocrx_word' id='word_1_140' title='bbox 2163 1935 2230 2015; x_wconf 84' lang='grc'><strong>1;</strong></span> <span class='ocrx_word' id='word_1_141' title='bbox 2270 1957 2401 1998; x_wconf 82' lang='grc'><strong>11011</strong></span> <span class='ocrx_word' id='word_1_142' title='bbox 2443 1932 2822 1998; x_wconf 82' lang='lat' dir='ltr'><strong>obliviscere</strong></span> 
     </span>
     <span class='ocr_line' id='line_1_17' title="bbox 361 2036 2820 2125; baseline -0.001 -25"><span class='ocrx_word' id='word_1_143' title='bbox 361 2057 469 2122; x_wconf 93' lang='lat' dir='ltr'><strong>ep.</strong></span> <span class='ocrx_word' id='word_1_144' title='bbox 533 2036 645 2118; x_wconf 92' lang='lat'><strong>11,</strong></span> <span class='ocrx_word' id='word_1_145' title='bbox 701 2036 775 2120; x_wconf 82' lang='lat'><strong>5,</strong></span> <span class='ocrx_word' id='word_1_146' title='bbox 835 2038 907 2119; x_wconf 81' lang='lat'><strong>23</strong></span> <span class='ocrx_word' id='word_1_147' title='bbox 974 2037 1243 2125; x_wconf 85' lang='lat' dir='ltr'><strong>incipies</strong></span> <span class='ocrx_word' id='word_1_148' title='bbox 1314 2037 1461 2103; x_wconf 90' lang='lat' dir='ltr'><strong>div.</strong></span> <span class='ocrx_word' id='word_1_149' title='bbox 1522 2038 1602 2102; x_wconf 92' lang='lat' dir='ltr'><strong>in</strong></span> <span class='ocrx_word' id='word_1_150' title='bbox 1658 2036 1882 2105; x_wconf 87' lang='lat' dir='ltr'><strong>Caec.</strong></span> <span class='ocrx_word' id='word_1_151' title='bbox 1939 2037 2055 2119; x_wconf 77' lang='lat'><strong>453</strong></span> <span class='ocrx_word' id='word_1_152' title='bbox 2122 2037 2372 2102; x_wconf 89' lang='lat' dir='ltr'><strong>maletis</strong></span> <span class='ocrx_word' id='word_1_153' title='bbox 2430 2036 2647 2101; x_wconf 92' lang='lat' dir='ltr'><strong>Font.</strong></span> <span class='ocrx_word' id='word_1_154' title='bbox 2705 2036 2820 2117; x_wconf 78' lang='lat'><strong>433</strong></span> 
     </span>
     <span class='ocr_line' id='line_1_18' title="bbox 359 2138 2820 2223; baseline 0 -20"><span class='ocrx_word' id='word_1_155' title='bbox 359 2138 579 2204; x_wconf 89' lang='lat' dir='ltr'><strong>vinces</strong></span> <span class='ocrx_word' id='word_1_156' title='bbox 612 2142 827 2207; x_wconf 86' lang='lat' dir='ltr'><strong>Gaec.</strong></span> <span class='ocrx_word' id='word_1_157' title='bbox 860 2142 974 2223; x_wconf 78' lang='lat'><strong>603</strong></span> <span class='ocrx_word' id='word_1_158' title='bbox 1010 2141 1333 2207; x_wconf 81' lang='lat' dir='ltr'><strong>dubitabis</strong></span> <span class='ocrx_word' id='word_1_159' title='bbox 1365 2139 1462 2206; x_wconf 91' lang='lat' dir='ltr'><strong>ad</strong></span> <span class='ocrx_word' id='word_1_160' title='bbox 1505 2141 1629 2207; x_wconf 91' lang='lat' dir='ltr'><strong>Br.</strong></span> <span class='ocrx_word' id='word_1_161' title='bbox 1680 2143 1748 2223; x_wconf 92' lang='lat'><strong>1,</strong></span> <span class='ocrx_word' id='word_1_162' title='bbox 1799 2140 1910 2223; x_wconf 84' lang='lat'><strong>13,</strong></span> <span class='ocrx_word' id='word_1_163' title='bbox 1958 2143 2026 2223; x_wconf 83' lang='lat'><strong>13</strong></span> <span class='ocrx_word' id='word_1_164' title='bbox 2071 2139 2442 2207; x_wconf 84' lang='lat' dir='ltr'><strong>dubitabitis</strong></span> <span class='ocrx_word' id='word_1_165' title='bbox 2477 2138 2671 2205; x_wconf 84' lang='lat' dir='ltr'><strong>Tull.</strong></span> <span class='ocrx_word' id='word_1_166' title='bbox 2705 2139 2820 2219; x_wconf 78' lang='lat'><strong>263</strong></span> 
     </span>
     <span class='ocr_line' id='line_1_19' title="bbox 360 2241 2822 2332; baseline -0.001 -25"><span class='ocrx_word' id='word_1_167' title='bbox 360 2242 822 2328; x_wconf 90' lang='lat' dir='ltr'><strong>pertimescetis</strong></span> <span class='ocrx_word' id='word_1_168' title='bbox 885 2244 1051 2310; x_wconf 87' lang='lat' dir='ltr'><strong>har.</strong></span> <span class='ocrx_word' id='word_1_169' title='bbox 1118 2266 1325 2332; x_wconf 90' lang='lat' dir='ltr'><strong>resp.</strong></span> <span class='ocrx_word' id='word_1_170' title='bbox 1401 2245 1513 2325; x_wconf 78' lang='lat'><strong>623</strong></span> <span class='ocrx_word' id='word_1_171' title='bbox 1589 2243 1772 2310; x_wconf 88' lang='lat' dir='ltr'><strong>dabis</strong></span> <span class='ocrx_word' id='word_1_172' title='bbox 1837 2244 2087 2311; x_wconf 89' lang='lat' dir='ltr'><strong>Deiot.</strong></span> <span class='ocrx_word' id='word_1_173' title='bbox 2157 2244 2271 2326; x_wconf 78' lang='lat'><strong>403</strong></span> <span class='ocrx_word' id='word_1_174' title='bbox 2346 2241 2822 2330; x_wconf 84' lang='lat' dir='ltr'><strong>consequemini</strong></span> 
     </span>
     <span class='ocr_line' id='line_1_20' title="bbox 358 2343 858 2431; baseline 0 -20"><span class='ocrx_word' id='word_1_175' title='bbox 358 2343 553 2411; x_wconf 88' lang='lat' dir='ltr'><strong>Phil.</strong></span> <span class='ocrx_word' id='word_1_176' title='bbox 612 2346 686 2431; x_wconf 89' lang='grc'><strong>6,</strong></span> <span class='ocrx_word' id='word_1_177' title='bbox 746 2347 858 2429; x_wconf 86' lang='grc'><strong>19;</strong></span> 
     </span>
    </p>

    <p class='ocr_par' dir='ltr' id='par_1_7' title="bbox 536 2463 1860 2554">
     <span class='ocr_line' id='line_1_21' title="bbox 536 2463 1860 2554; baseline 0 -22"><span class='ocrx_word' id='word_1_178' title='bbox 536 2463 799 2550; x_wconf 90' lang='lat' dir='ltr'><strong>Spectat</strong></span> <span class='ocrx_word' id='word_1_179' title='bbox 839 2466 966 2533; x_wconf 90' lang='lat' dir='ltr'><strong>huc</strong></span> <span class='ocrx_word' id='word_1_180' title='bbox 1007 2467 1169 2533; x_wconf 92' lang='lat' dir='ltr'><strong>haec</strong></span> <span class='ocrx_word' id='word_1_181' title='bbox 1211 2489 1465 2554; x_wconf 90' lang='lat' dir='ltr'><strong>quoque</strong></span> <span class='ocrx_word' id='word_1_182' title='bbox 1511 2474 1860 2532; x_wconf 86' lang='lat' dir='ltr'><strong>structura:</strong></span> 
     </span>
    </p>
   </div>
   <div class='ocr_carea' id='block_1_3' title="bbox 360 2585 2822 2776">
    <p class='ocr_par' dir='ltr' id='par_1_8' title="bbox 360 2585 2822 2776">
     <span class='ocr_line' id='line_1_22' title="bbox 534 2585 2822 2675; baseline -0.001 -23"><span class='ocrx_word' id='word_1_183' title='bbox 534 2585 593 2653; x_wconf 89' lang='lat' dir='ltr'><strong>d.</strong></span> <span class='ocrx_word' id='word_1_184' title='bbox 641 2611 745 2653; x_wconf 88' lang='lat' dir='ltr'><strong>or.</strong></span> <span class='ocrx_word' id='word_1_185' title='bbox 791 2589 864 2670; x_wconf 91' lang='grc'><strong>2,</strong></span> <span class='ocrx_word' id='word_1_186' title='bbox 913 2587 1022 2653; x_wconf 79' lang='lat'><strong>16:</strong></span> <span class='ocrx_word' id='word_1_187' title='bbox 1077 2596 1139 2653; x_wconf 91' lang='lat' dir='ltr'><strong>te</strong></span> <span class='ocrx_word' id='word_1_188' title='bbox 1193 2589 1475 2653; x_wconf 86' lang='lat' dir='ltr'><strong>exorabo</strong></span> <span class='ocrx_word' id='word_1_189' title='bbox 1530 2587 1825 2672; x_wconf 77' lang='lat' dir='ltr'><strong>profeciO,</strong></span> <span class='ocrx_word' id='word_1_190' title='bbox 1873 2610 2036 2675; x_wconf 89' lang='lat' dir='ltr'><strong>quae</strong></span> <span class='ocrx_word' id='word_1_191' title='bbox 2081 2585 2442 2652; x_wconf 84' lang='lat' dir='ltr'><strong>reddimus:</strong></span> <span class='ocrx_word' id='word_1_192' title='bbox 2511 2586 2595 2651; x_wconf 90' lang='lat' dir='ltr'><strong>du</strong></span> <span class='ocrx_word' id='word_1_193' title='bbox 2644 2586 2822 2651; x_wconf 87' lang='lat' dir='ltr'><strong>wirst</strong></span> 
     </span>
     <span class='ocr_line' id='line_1_23' title="bbox 360 2688 1372 2776; baseline 0.002 -23"><span class='ocrx_word' id='word_1_194' title='bbox 360 2688 509 2757; x_wconf 89' lang='lat' dir='ltr'><strong>dich</strong></span> <span class='ocrx_word' id='word_1_195' title='bbox 549 2690 780 2776; x_wconf 87' lang='lat' dir='ltr'><strong>gewiss</strong></span> <span class='ocrx_word' id='word_1_196' title='bbox 826 2691 1096 2757; x_wconf 89' lang='lat' dir='ltr'><strong>erbitten</strong></span> <span class='ocrx_word' id='word_1_197' title='bbox 1136 2691 1372 2756; x_wconf 90' lang='lat' dir='ltr'><strong>lassen.</strong></span> 
     </span>
    </p>
   </div>
   <div class='ocr_carea' id='block_1_4' title="bbox 356 2808 2824 3495">
    <p class='ocr_par' dir='ltr' id='par_1_9' title="bbox 356 2808 2824 3495">
     <span class='ocr_line' id='line_1_24' title="bbox 528 2808 2822 2897; baseline -0.001 -20"><span class='ocrx_word' id='word_1_198' title='bbox 528 2811 677 2877; x_wconf 92' lang='lat' dir='ltr'><strong>Hac</strong></span> <span class='ocrx_word' id='word_1_199' title='bbox 720 2811 870 2877; x_wconf 88' lang='lat' dir='ltr'><strong>data</strong></span> <span class='ocrx_word' id='word_1_200' title='bbox 914 2811 1252 2877; x_wconf 87' lang='lat' dir='ltr'><strong>occasione</strong></span> <span class='ocrx_word' id='word_1_201' title='bbox 1283 2808 1554 2877; x_wconf 88' lang='lat' dir='ltr'><strong>strictim</strong></span> <span class='ocrx_word' id='word_1_202' title='bbox 1584 2809 2027 2877; x_wconf 82' lang='lat' dir='ltr'><strong>adnotaverim</strong></span> <span class='ocrx_word' id='word_1_203' title='bbox 2060 2809 2437 2897; x_wconf 87' lang='lat' dir='ltr'><strong>saepissime</strong></span> <span class='ocrx_word' id='word_1_204' title='bbox 2467 2832 2544 2877; x_wconf 89' lang='lat' dir='ltr'><strong>ea</strong></span> <span class='ocrx_word' id='word_1_205' title='bbox 2571 2810 2822 2879; x_wconf 79' lang='lat' dir='ltr'><strong>ratione</strong></span> 
     </span>
     <span class='ocr_line' id='line_1_25' title="bbox 357 2913 2823 3001; baseline -0 -22"><span class='ocrx_word' id='word_1_206' title='bbox 357 2913 523 2979; x_wconf 83' lang='lat' dir='ltr'><strong>inter</strong></span> <span class='ocrx_word' id='word_1_207' title='bbox 567 2936 638 2980; x_wconf 90' lang='lat' dir='ltr'><strong>se</strong></span> <span class='ocrx_word' id='word_1_208' title='bbox 680 2914 914 2980; x_wconf 87' lang='lat' dir='ltr'><strong>mutari</strong></span> <span class='ocrx_word' id='word_1_209' title='bbox 958 2915 1248 3001; x_wconf 89' lang='lat' dir='ltr'><strong>subjecta</strong></span> <span class='ocrx_word' id='word_1_210' title='bbox 1266 2965 1284 2997; x_wconf 92' lang='lat'><strong>,</strong></span> <span class='ocrx_word' id='word_1_211' title='bbox 1328 2924 1431 2996; x_wconf 90' lang='lat' dir='ltr'><strong>ut,</strong></span> <span class='ocrx_word' id='word_1_212' title='bbox 1477 2914 1653 3000; x_wconf 90' lang='lat' dir='ltr'><strong>quod</strong></span> <span class='ocrx_word' id='word_1_213' title='bbox 1694 2914 1889 2979; x_wconf 90' lang='lat' dir='ltr'><strong>homo</strong></span> <span class='ocrx_word' id='word_1_214' title='bbox 1944 2913 2215 2979; x_wconf 88' lang='lat' dir='ltr'><strong>Latinus</strong></span> <span class='ocrx_word' id='word_1_215' title='bbox 2273 2913 2595 2999; x_wconf 80' lang='lat' dir='ltr'><strong>objectum</strong></span> <span class='ocrx_word' id='word_1_216' title='bbox 2635 2913 2823 2979; x_wconf 88' lang='lat' dir='ltr'><strong>intel-</strong></span> 
     </span>
     <span class='ocr_line' id='line_1_26' title="bbox 356 3015 2821 3103; baseline 0 -22"><span class='ocrx_word' id='word_1_217' title='bbox 356 3016 533 3103; x_wconf 85' lang='lat' dir='ltr'><strong>legit,</strong></span> <span class='ocrx_word' id='word_1_218' title='bbox 577 3018 817 3084; x_wconf 87' lang='lat' dir='ltr'><strong>rectius</strong></span> <span class='ocrx_word' id='word_1_219' title='bbox 863 3017 1220 3084; x_wconf 89' lang='lat' dir='ltr'><strong>subiectum</strong></span> <span class='ocrx_word' id='word_1_220' title='bbox 1254 3017 1337 3084; x_wconf 89' lang='lat' dir='ltr'><strong>sit</strong></span> <span class='ocrx_word' id='word_1_221' title='bbox 1371 3016 1772 3098; x_wconf 83' lang='lat' dir='ltr'><strong>habendum3</strong></span> <span class='ocrx_word' id='word_1_222' title='bbox 1804 3017 1991 3083; x_wconf 89' lang='lat' dir='ltr'><strong>huius</strong></span> <span class='ocrx_word' id='word_1_223' title='bbox 2020 3017 2147 3083; x_wconf 91' lang='lat' dir='ltr'><strong>loci</strong></span> <span class='ocrx_word' id='word_1_224' title='bbox 2172 3015 2463 3082; x_wconf 88' lang='lat' dir='ltr'><strong>similiter</strong></span> <span class='ocrx_word' id='word_1_225' title='bbox 2492 3015 2821 3083; x_wconf 83' lang='lat' dir='ltr'><strong>dicuntur:</strong></span> 
     </span>
     <span class='ocr_line' id='line_1_27' title="bbox 361 3119 2824 3204; baseline -0.001 -18"><span class='ocrx_word' id='word_1_226' title='bbox 361 3119 613 3186; x_wconf 86' lang='lat' dir='ltr'><strong>offendo</strong></span> <span class='ocrx_word' id='word_1_227' title='bbox 675 3130 740 3186; x_wconf 91' lang='lat' dir='ltr'><strong>te</strong></span> <span class='ocrx_word' id='word_1_228' title='bbox 785 3157 866 3169; x_wconf 90' lang='grc'><strong>--</strong></span> <span class='ocrx_word' id='word_1_229' title='bbox 930 3119 1016 3186; x_wconf 91' lang='lat' dir='ltr'><strong>du</strong></span> <span class='ocrx_word' id='word_1_230' title='bbox 1074 3121 1275 3186; x_wconf 77' lang='lat' dir='ltr'><strong>fiihlst</strong></span> <span class='ocrx_word' id='word_1_231' title='bbox 1318 3119 1464 3186; x_wconf 83' lang='lat' dir='ltr'><strong>dich</strong></span> <span class='ocrx_word' id='word_1_232' title='bbox 1506 3120 1842 3202; x_wconf 84' lang='lat' dir='ltr'><strong>beleidigt3</strong></span> <span class='ocrx_word' id='word_1_233' title='bbox 1886 3121 2157 3204; x_wconf 83' lang='lat' dir='ltr'><strong>impetro</strong></span> <span class='ocrx_word' id='word_1_234' title='bbox 2203 3144 2241 3183; x_wconf 78' lang='lat' dir='ltr'><strong>a</strong></span> <span class='ocrx_word' id='word_1_235' title='bbox 2281 3130 2345 3185; x_wconf 88' lang='lat' dir='ltr'><strong>te</strong></span> <span class='ocrx_word' id='word_1_236' title='bbox 2388 3157 2471 3169; x_wconf 91' lang='lat'><strong>--</strong></span> <span class='ocrx_word' id='word_1_237' title='bbox 2518 3120 2605 3185; x_wconf 88' lang='lat' dir='ltr'><strong>du</strong></span> <span class='ocrx_word' id='word_1_238' title='bbox 2645 3119 2824 3185; x_wconf 88' lang='lat' dir='ltr'><strong>thust</strong></span> 
     </span>
     <span class='ocr_line' id='line_1_28' title="bbox 359 3222 2820 3311; baseline 0.001 -24"><span class='ocrx_word' id='word_1_239' title='bbox 359 3223 483 3288; x_wconf 89' lang='lat' dir='ltr'><strong>mir</strong></span> <span class='ocrx_word' id='word_1_240' title='bbox 523 3222 647 3288; x_wconf 88' lang='lat' dir='ltr'><strong>den</strong></span> <span class='ocrx_word' id='word_1_241' title='bbox 677 3222 990 3289; x_wconf 83' lang='lat' dir='ltr'><strong>Gefallen.</strong></span> <span class='ocrx_word' id='word_1_242' title='bbox 1066 3222 1216 3305; x_wconf 79' lang='lat' dir='ltr'><strong>Qua</strong></span> <span class='ocrx_word' id='word_1_243' title='bbox 1257 3246 1348 3306; x_wconf 93' lang='lat' dir='ltr'><strong>re,</strong></span> <span class='ocrx_word' id='word_1_244' title='bbox 1394 3223 1565 3311; x_wconf 89' lang='lat' dir='ltr'><strong>quod</strong></span> <span class='ocrx_word' id='word_1_245' title='bbox 1613 3245 1807 3306; x_wconf 88' lang='lat' dir='ltr'><strong>supra</strong></span> <span class='ocrx_word' id='word_1_246' title='bbox 1835 3223 2490 3305; x_wconf 87' lang='lat' dir='ltr'><strong>commemoravimus,</strong></span> <span class='ocrx_word' id='word_1_247' title='bbox 2535 3223 2820 3289; x_wconf 90' lang='lat' dir='ltr'><strong>»docebo</strong></span> 
     </span>
     <span class='ocr_line' id='line_1_29' title="bbox 356 3324 2818 3413; baseline 0 -23"><span class='ocrx_word' id='word_1_248' title='bbox 356 3325 674 3411; x_wconf 76' lang='lat' dir='ltr'><strong>profecto«</strong></span> <span class='ocrx_word' id='word_1_249' title='bbox 738 3324 879 3413; x_wconf 87' lang='lat' dir='ltr'><strong>(ep.</strong></span> <span class='ocrx_word' id='word_1_250' title='bbox 939 3326 999 3408; x_wconf 85' lang='lat'><strong>7,</strong></span> <span class='ocrx_word' id='word_1_251' title='bbox 1061 3327 1118 3408; x_wconf 88' lang='lat'><strong>1,</strong></span> <span class='ocrx_word' id='word_1_252' title='bbox 1192 3328 1261 3409; x_wconf 87' lang='lat'><strong>5)</strong></span> <span class='ocrx_word' id='word_1_253' title='bbox 1321 3326 1555 3392; x_wconf 85' lang='lat' dir='ltr'><strong>rectius</strong></span> <span class='ocrx_word' id='word_1_254' title='bbox 1628 3327 1755 3392; x_wconf 90' lang='lat' dir='ltr'><strong>huc</strong></span> <span class='ocrx_word' id='word_1_255' title='bbox 1797 3325 2022 3391; x_wconf 86' lang='lat' dir='ltr'><strong>referri</strong></span> <span class='ocrx_word' id='word_1_256' title='bbox 2081 3325 2300 3393; x_wconf 84' lang='lat' dir='ltr'><strong>debet:</strong></span> <span class='ocrx_word' id='word_1_257' title='bbox 2346 3326 2476 3392; x_wconf 78' lang='lat' dir='ltr'><strong>»du</strong></span> <span class='ocrx_word' id='word_1_258' title='bbox 2520 3327 2698 3392; x_wconf 85' lang='lat' dir='ltr'><strong>wirst</strong></span> <span class='ocrx_word' id='word_1_259' title='bbox 2739 3350 2818 3392; x_wconf 81' lang='lat' dir='ltr'><strong>zu</strong></span> 
     </span>
     <span class='ocr_line' id='line_1_30' title="bbox 363 3427 1309 3495; baseline 0 -2"><span class='ocrx_word' id='word_1_260' title='bbox 363 3427 478 3494; x_wconf 90' lang='lat' dir='ltr'><strong>der</strong></span> <span class='ocrx_word' id='word_1_261' title='bbox 519 3427 913 3495; x_wconf 83' lang='lat' dir='ltr'><strong>Erkenntnis</strong></span> <span class='ocrx_word' id='word_1_262' title='bbox 957 3428 1309 3495; x_wconf 87' lang='lat' dir='ltr'><strong>kommen.«</strong></span> 
     </span>
    </p>
   </div>
   <div class='ocr_carea' id='block_1_5' title="bbox 359 3546 3050 4563">
    <p class='ocr_par' dir='ltr' id='par_1_10' title="bbox 359 3546 3050 4563">
     <span class='ocr_line' id='line_1_31' title="bbox 532 3546 2823 3634; baseline -0.001 -19"><span class='ocrx_word' id='word_1_263' title='bbox 532 3550 684 3616; x_wconf 86' lang='lat' dir='ltr'><strong>Non</strong></span> <span class='ocrx_word' id='word_1_264' title='bbox 728 3549 1008 3615; x_wconf 85' lang='lat' dir='ltr'><strong>alienum</strong></span> <span class='ocrx_word' id='word_1_265' title='bbox 1053 3570 1197 3615; x_wconf 88' lang='lat' dir='ltr'><strong>esse</strong></span> <span class='ocrx_word' id='word_1_266' title='bbox 1241 3547 1534 3614; x_wconf 83' lang='lat' dir='ltr'><strong>videatur</strong></span> <span class='ocrx_word' id='word_1_267' title='bbox 1576 3547 1772 3613; x_wconf 89' lang='lat' dir='ltr'><strong>talem</strong></span> <span class='ocrx_word' id='word_1_268' title='bbox 1814 3546 2023 3613; x_wconf 91' lang='lat' dir='ltr'><strong>locum</strong></span> <span class='ocrx_word' id='word_1_269' title='bbox 2042 3599 2058 3630; x_wconf 94' lang='lat'><strong>,</strong></span> <span class='ocrx_word' id='word_1_270' title='bbox 2105 3570 2234 3634; x_wconf 89' lang='lat' dir='ltr'><strong>quo</strong></span> <span class='ocrx_word' id='word_1_271' title='bbox 2306 3577 2333 3606; x_wconf 90' lang='lat'>»</span> <span class='ocrx_word' id='word_1_272' title='bbox 2349 3557 2559 3614; x_wconf 82' lang='lat' dir='ltr'><strong>certe«</strong></span> <span class='ocrx_word' id='word_1_273' title='bbox 2627 3548 2823 3613; x_wconf 86' lang='lat' dir='ltr'><strong>simili</strong></span> 
     </span>
     <span class='ocr_line' id='line_1_32' title="bbox 359 3650 2840 3745; baseline -0.001 -27"><span class='ocrx_word' id='word_1_274' title='bbox 359 3652 555 3720; x_wconf 91' lang='lat' dir='ltr'><strong>modo</strong></span> <span class='ocrx_word' id='word_1_275' title='bbox 598 3661 976 3741; x_wconf 89' lang='lat' dir='ltr'><strong>usurpatum</strong></span> <span class='ocrx_word' id='word_1_276' title='bbox 1005 3651 1275 3718; x_wconf 80' lang='lat' dir='ltr'><strong>forsitan</strong></span> <span class='ocrx_word' id='word_1_277' title='bbox 1305 3652 1449 3739; x_wconf 92' lang='lat' dir='ltr'><strong>quis</strong></span> <span class='ocrx_word' id='word_1_278' title='bbox 1482 3660 1761 3732; x_wconf 86' lang='lat' dir='ltr'><strong>censeat,</strong></span> <span class='ocrx_word' id='word_1_279' title='bbox 1791 3650 2018 3717; x_wconf 85' lang='lat' dir='ltr'><strong>leviter</strong></span> <span class='ocrx_word' id='word_1_280' title='bbox 2047 3651 2506 3737; x_wconf 84' lang='lat' dir='ltr'><strong>perstringere3</strong></span> <span class='ocrx_word' id='word_1_281' title='bbox 2543 3651 2840 3745; x_wconf 19' lang='lat' dir='ltr'><strong>exempli*</strong></span> 
     </span>
     <span class='ocr_line' id='line_1_33' title="bbox 362 3744 3050 3847; baseline -0.003 -24"><span class='ocrx_word' id='word_1_282' title='bbox 362 3777 559 3823; x_wconf 83' lang='lat' dir='ltr'><strong>causa</strong></span> <span class='ocrx_word' id='word_1_283' title='bbox 601 3756 797 3822; x_wconf 84' lang='lat' dir='ltr'><strong>affero</strong></span> <span class='ocrx_word' id='word_1_284' title='bbox 844 3778 954 3842; x_wconf 95' lang='lat' dir='ltr'><strong>ep.</strong></span> <span class='ocrx_word' id='word_1_285' title='bbox 1007 3756 1065 3837; x_wconf 88' lang='lat'><strong>1,</strong></span> <span class='ocrx_word' id='word_1_286' title='bbox 1111 3755 1172 3837; x_wconf 88' lang='grc'><strong>9,</strong></span> <span class='ocrx_word' id='word_1_287' title='bbox 1217 3755 1332 3819; x_wconf 83' lang='lat'><strong>22:</strong></span> <span class='ocrx_word' id='word_1_288' title='bbox 1400 3777 1547 3820; x_wconf 79' lang='lat' dir='ltr'><strong>»me</strong></span> <span class='ocrx_word' id='word_1_289' title='bbox 1576 3754 1833 3841; x_wconf 88' lang='lat' dir='ltr'><strong>quidem</strong></span> <span class='ocrx_word' id='word_1_290' title='bbox 1880 3764 2099 3821; x_wconf 90' lang='lat' dir='ltr'><strong>certe</strong></span> <span class='ocrx_word' id='word_1_291' title='bbox 2148 3764 2397 3820; x_wconf 79' lang='lat' dir='ltr'><strong>tuarum</strong></span> <span class='ocrx_word' id='word_1_292' title='bbox 2429 3744 3050 3847; x_wconf 35' lang='lat' dir='ltr'><strong>actionum..‘&amp;rffl</strong></span> 
     </span>
     <span class='ocr_line' id='line_1_34' title="bbox 363 3856 2822 3945; baseline 0.001 -21"><span class='ocrx_word' id='word_1_293' title='bbox 363 3859 608 3925; x_wconf 90' lang='lat' dir='ltr'><strong>socium</strong></span> <span class='ocrx_word' id='word_1_294' title='bbox 650 3859 983 3925; x_wconf 71' lang='lat' dir='ltr'><strong>habebis«</strong></span> <span class='ocrx_word' id='word_1_295' title='bbox 1073 3856 1238 3939; x_wconf 80' lang='lat' dir='ltr'><strong>Quis</strong></span> <span class='ocrx_word' id='word_1_296' title='bbox 1283 3866 1399 3940; x_wconf 87' lang='lat' dir='ltr'><strong>est,</strong></span> <span class='ocrx_word' id='word_1_297' title='bbox 1445 3859 1601 3944; x_wconf 90' lang='lat' dir='ltr'><strong>quin</strong></span> <span class='ocrx_word' id='word_1_298' title='bbox 1643 3858 1851 3944; x_wconf 91' lang='lat' dir='ltr'><strong>primo</strong></span> <span class='ocrx_word' id='word_1_299' title='bbox 1896 3858 2205 3945; x_wconf 85' lang='lat' dir='ltr'><strong>adspectu</strong></span> <span class='ocrx_word' id='word_1_300' title='bbox 2248 3857 2440 3924; x_wconf 84' lang='lat' dir='ltr'><strong>huius</strong></span> <span class='ocrx_word' id='word_1_301' title='bbox 2479 3858 2822 3926; x_wconf 87' lang='lat' dir='ltr'><strong>locutionis</strong></span> 
     </span>
     <span class='ocr_line' id='line_1_35' title="bbox 360 3959 2822 4050; baseline -0 -21"><span class='ocrx_word' id='word_1_302' title='bbox 360 3963 494 4029; x_wconf 88' lang='lat' dir='ltr'><strong>vim</strong></span> <span class='ocrx_word' id='word_1_303' title='bbox 566 3962 1018 4050; x_wconf 88' lang='lat' dir='ltr'><strong>notionemque</strong></span> <span class='ocrx_word' id='word_1_304' title='bbox 1084 3961 1474 4049; x_wconf 79' lang='lat' dir='ltr'><strong>perspiciat?</strong></span> <span class='ocrx_word' id='word_1_305' title='bbox 1530 3961 1659 4027; x_wconf 90' lang='lat' dir='ltr'><strong>His</strong></span> <span class='ocrx_word' id='word_1_306' title='bbox 1718 3961 1889 4027; x_wconf 92' lang='lat' dir='ltr'><strong>enim</strong></span> <span class='ocrx_word' id='word_1_307' title='bbox 1941 3961 2170 4026; x_wconf 89' lang='lat' dir='ltr'><strong>litteris</strong></span> <span class='ocrx_word' id='word_1_308' title='bbox 2219 3959 2450 4029; x_wconf 71' lang='lat' dir='ltr'><strong>Cicero</strong></span> <span class='ocrx_word' id='word_1_309' title='bbox 2503 3963 2822 4049; x_wconf 85' lang='lat' dir='ltr'><strong>promittit</strong></span> 
     </span>
     <span class='ocr_line' id='line_1_36' title="bbox 361 4062 2819 4153; baseline -0.001 -22"><span class='ocrx_word' id='word_1_310' title='bbox 361 4064 655 4145; x_wconf 86' lang='lat' dir='ltr'><strong>Lentulo,</strong></span> <span class='ocrx_word' id='word_1_311' title='bbox 728 4072 799 4128; x_wconf 91' lang='lat' dir='ltr'><strong>ut</strong></span> <span class='ocrx_word' id='word_1_312' title='bbox 838 4064 948 4130; x_wconf 86' lang='lat' dir='ltr'><strong>ille</strong></span> <span class='ocrx_word' id='word_1_313' title='bbox 1011 4086 1265 4153; x_wconf 89' lang='lat' dir='ltr'><strong>semper</strong></span> <span class='ocrx_word' id='word_1_314' title='bbox 1316 4064 1612 4129; x_wconf 88' lang='lat' dir='ltr'><strong>omnibus</strong></span> <span class='ocrx_word' id='word_1_315' title='bbox 1677 4062 1924 4130; x_wconf 88' lang='lat' dir='ltr'><strong>viribus</strong></span> <span class='ocrx_word' id='word_1_316' title='bbox 1968 4064 2253 4130; x_wconf 79' lang='lat' dir='ltr'><strong>auxisset</strong></span> <span class='ocrx_word' id='word_1_317' title='bbox 2286 4074 2476 4151; x_wconf 88' lang='lat' dir='ltr'><strong>atque</strong></span> <span class='ocrx_word' id='word_1_318' title='bbox 2507 4076 2819 4143; x_wconf 89' lang='lat' dir='ltr'><strong>ornasset,</strong></span> 
     </span>
     <span class='ocr_line' id='line_1_37' title="bbox 361 4166 2819 4253; baseline 0 -21"><span class='ocrx_word' id='word_1_319' title='bbox 361 4168 454 4233; x_wconf 91' lang='lat' dir='ltr'><strong>ita</strong></span> <span class='ocrx_word' id='word_1_320' title='bbox 497 4189 568 4233; x_wconf 90' lang='lat' dir='ltr'><strong>se</strong></span> <span class='ocrx_word' id='word_1_321' title='bbox 614 4189 875 4253; x_wconf 87' lang='lat' dir='ltr'><strong>operam</strong></span> <span class='ocrx_word' id='word_1_322' title='bbox 920 4168 1238 4249; x_wconf 85' lang='lat' dir='ltr'><strong>daturum,</strong></span> <span class='ocrx_word' id='word_1_323' title='bbox 1283 4176 1355 4232; x_wconf 91' lang='lat' dir='ltr'><strong>ut</strong></span> <span class='ocrx_word' id='word_1_324' title='bbox 1388 4167 1558 4232; x_wconf 89' lang='lat' dir='ltr'><strong>illius</strong></span> <span class='ocrx_word' id='word_1_325' title='bbox 1592 4166 1946 4233; x_wconf 85' lang='lat' dir='ltr'><strong>commodis</strong></span> <span class='ocrx_word' id='word_1_326' title='bbox 1977 4167 2264 4233; x_wconf 81' lang='lat' dir='ltr'><strong>serviret.</strong></span> <span class='ocrx_word' id='word_1_327' title='bbox 2337 4169 2431 4234; x_wconf 88' lang='lat' dir='ltr'><strong>At</strong></span> <span class='ocrx_word' id='word_1_328' title='bbox 2463 4168 2520 4234; x_wconf 87' lang='lat' dir='ltr'><strong>si</strong></span> <span class='ocrx_word' id='word_1_329' title='bbox 2551 4168 2819 4233; x_wconf 83' lang='lat' dir='ltr'><strong>dixisset</strong></span> 
     </span>
     <span class='ocr_line' id='line_1_38' title="bbox 366 4270 2818 4356; baseline -0.002 -17"><span class='ocrx_word' id='word_1_330' title='bbox 366 4270 627 4340; x_wconf 83' lang='lat' dir='ltr'><strong>Cicero:</strong></span> <span class='ocrx_word' id='word_1_331' title='bbox 685 4271 1008 4356; x_wconf 58' lang='lat' dir='ltr'><strong>»profecto</strong></span> <span class='ocrx_word' id='word_1_332' title='bbox 1058 4271 1328 4338; x_wconf 82' lang='lat' dir='ltr'><strong>habebis</strong></span> <span class='ocrx_word' id='word_1_333' title='bbox 1372 4294 1479 4337; x_wconf 91' lang='lat' dir='ltr'><strong>me</strong></span> <span class='ocrx_word' id='word_1_334' title='bbox 1521 4271 1828 4356; x_wconf 73' lang='lat' dir='ltr'><strong>socium«,</strong></span> <span class='ocrx_word' id='word_1_335' title='bbox 1885 4270 2295 4336; x_wconf 84' lang='lat' dir='ltr'><strong>manifestum</strong></span> <span class='ocrx_word' id='word_1_336' title='bbox 2351 4279 2450 4336; x_wconf 79' lang='lat' dir='ltr'><strong>est</strong></span> <span class='ocrx_word' id='word_1_337' title='bbox 2502 4270 2675 4337; x_wconf 88' lang='lat' dir='ltr'><strong>haud</strong></span> <span class='ocrx_word' id='word_1_338' title='bbox 2726 4270 2818 4335; x_wconf 88' lang='lat' dir='ltr'><strong>ita</strong></span> 
     </span>
     <span class='ocr_line' id='line_1_39' title="bbox 361 4372 2821 4461; baseline 0.001 -23"><span class='ocrx_word' id='word_1_339' title='bbox 361 4373 744 4439; x_wconf 84' lang='lat' dir='ltr'><strong>laetaturum</strong></span> <span class='ocrx_word' id='word_1_340' title='bbox 772 4372 972 4445; x_wconf 72' lang='lat' dir='ltr'><strong>fuisse</strong></span> <span class='ocrx_word' id='word_1_341' title='bbox 991 4374 1335 4440; x_wconf 88' lang='lat' dir='ltr'><strong>Lentulum</strong></span> <span class='ocrx_word' id='word_1_342' title='bbox 1380 4373 1756 4440; x_wconf 83' lang='lat' dir='ltr'><strong>amicissimi</strong></span> <span class='ocrx_word' id='word_1_343' title='bbox 1777 4395 2057 4439; x_wconf 84' lang='lat' dir='ltr'><strong>munere.</strong></span> <span class='ocrx_word' id='word_1_344' title='bbox 2133 4375 2356 4461; x_wconf 76' lang='lat' dir='ltr'><strong>Atque</strong></span> <span class='ocrx_word' id='word_1_345' title='bbox 2373 4374 2535 4440; x_wconf 84' lang='lat' dir='ltr'><strong>haec</strong></span> <span class='ocrx_word' id='word_1_346' title='bbox 2559 4373 2821 4461; x_wconf 85' lang='lat' dir='ltr'><strong>quidem</strong></span> 
     </span>
     <span class='ocr_line' id='line_1_40' title="bbox 368 4466 1762 4563; baseline -0.001 -22"><span class='ocrx_word' id='word_1_347' title='bbox 368 4475 446 4541; x_wconf 93' lang='lat' dir='ltr'><strong>de</strong></span> <span class='ocrx_word' id='word_1_348' title='bbox 491 4475 749 4542; x_wconf 88' lang='lat' dir='ltr'><strong>alterius</strong></span> <span class='ocrx_word' id='word_1_349' title='bbox 794 4498 1109 4563; x_wconf 89' lang='lat' dir='ltr'><strong>personae</strong></span> <span class='ocrx_word' id='word_1_350' title='bbox 1153 4499 1291 4541; x_wconf 89' lang='lat' dir='ltr'><strong>usu.</strong></span> <span class='ocrx_word' id='word_1_351' title='bbox 1755 4466 1762 4471; x_wconf 45' lang='lat'>⁵</span> 
     </span>
    </p>
   </div>
  </div>
 </body>
</html>
