3142 5042
1510 201 1847 265 ...16-

618 425 812 510 Quod
876 430 960 497 ad
1022 428 1378 517 imperfecti
1444 449 1634 494 usum
1700 428 1956 510 attinet,
2021 451 2219 493 unum
2277 435 2486 493 exstat
2542 428 2904 516 exemplum

441 531 733 599 codicum
776 533 1152 602 auctoritate
1196 532 1669 598 confirmatum:

746 659 863 725 pro
961 636 1225 702 Planc.
1325 635 1439 701 88:
1569 634 1763 701 Vinci
1859 643 2072 700 autem
2170 634 2499 723 improbos
2589 659 2628 700 a
2713 636 2903 702 bonis

644 738 852 806 fateor
903 739 1104 805 fuisse
1163 738 1582 826 praeclarum,
1645 737 1701 804 si
1743 738 1938 803 finem
1995 746 2133 804 tum
2217 736 2516 804 vincendi
2587 737 2902 805 viderem:

644 862 827 922 quem
863 843 1144 924 profecto
1185 862 1317 907 non
1356 841 1655 908 videbam.
1738 840 1871 908 Ubi
1915 842 2086 908 enim
2131 841 2288 907 mihi
2332 849 2589 929 praesto
2633 840 2908 907 fuissent

645 951 757 1009 aut
783 953 918 1011 tam
943 944 1143 1011 fortes
1174 945 1470 1012 consules
1500 967 1696 1033 quam
1723 944 1798 1010 L.
1834 943 2165 1031 Opimius,ff
2192 967 2386 1031 quam
2417 943 2493 1012 C.
2524 943 2765 1010 Marius
2791 995 2804 1008 .
2837 995 2851 1010 .
2887 995 2903 1011 .

612 1062 724 1131 Sic
776 1067 1087 1155 praebent
1147 1065 1204 1131 si
1256 1090 1388 1132 non
1445 1088 1668 1131 omnes
1724 1073 1791 1130 at
1843 1073 2059 1131 tamen
2115 1065 2401 1153 plerique
2445 1087 2639 1129 manu
2687 1065 2907 1153 scripti

438 1165 606 1245 libri,
637 1191 908 1255 quorum
936 1171 1131 1237 fidem
1161 1170 1363 1236 secuti
1394 1178 1457 1234 et
1468 1167 1762 1235 thnmz
1776 1168 1947 1253 (Cic.
1979 1193 2072 1234 or.
2101 1192 2164 1256 p.
2209 1167 2471 1234 Plancio
2513 1167 2667 1257 Lps.
2704 1168 2902 1253 1830)

440 1277 504 1335 et
563 1273 826 1337 KAYSER
881 1274 1277 1340 enuntiatum
1342 1271 1683 1338 relativum
1746 1296 1978 1359 »quem
2035 1271 2321 1360 profecto
2380 1293 2509 1337 non
2562 1270 2905 1337 videbam«

438 1375 732 1458 retinent,
766 1400 911 1444 cum
939 1376 1152 1442 KLorz
1183 1384 1247 1441 et
1273 1375 1513 1440 Bmmz
1553 1375 1713 1440 illud
1754 1376 1937 1441 uncis
1980 1375 2355 1441 incluserint
2399 1385 2462 1439 et
2492 1374 2802 1441 ORELLms
2834 1383 2903 1437 ut

442 1478 726 1560 spurium
791 1480 1094 1546 omiserit.
1199 1480 1280 1544 In
1334 1477 1789 1546 commentario
1854 1503 1915 1567 p.
1987 1479 2105 1542 221
2167 1477 2487 1566 permulta
2553 1475 2899 1565 speciosius

441 1605 635 1669 quam
677 1582 894 1649 verius
943 1583 1093 1648 dicit
1137 1581 1446 1661 WUNDER,
1508 1605 1671 1669 quae
1715 1581 2017 1648 traditam
2061 1581 2403 1648 lectionem
2445 1579 2723 1646 fulciant.
2810 1579 2902 1643 At

439 1684 645 1751 tribus
715 1686 935 1774 eisque
1001 1685 1404 1772 gravissimis
1472 1687 1685 1752 causis
1744 1694 2101 1752 commotus
2153 1685 2316 1750 haec
2359 1685 2561 1750 verba
2606 1681 2903 1749 Ciceroni

440 1787 955 1856 abiudicaverim.

613 1908 901 1975 Primum
960 1909 1217 1997 quidem
1276 1909 1525 1976 offendo
1587 1910 1656 1975 in
1711 1910 2075 1999 praeterito,
2143 1908 2314 1997 quod
2379 1908 2504 1975 hoc
2569 1932 2697 1975 uno
2764 1910 2907 1975 loco

442 2011 724 2098 positum
789 2035 1018 2079 vereor
1091 2021 1161 2077 ut
1233 2036 1272 2079 a
1346 2013 1679 2081 Ciceronis
1752 2037 1948 2079 manu
2026 2013 2109 2078 sit
2180 2011 2558 2100 profectum.
2676 2012 2907 2078 Nonne

442 2114 1053 2202 quadringentorum
1110 2139 1315 2203 paene
1368 2117 1658 2183 locorum
1714 2116 2056 2183 auctoritas
2113 2114 2400 2203 impedit,
2460 2136 2541 2180 ne
2595 2114 2906 2180 eiusmodi

442 2217 884 2305 exceptionem
930 2218 1094 2284 ultro
1141 2218 1598 2284 admittamus?

614 2340 910 2405 Alterum
942 2348 1385 2426 argumentum
1415 2340 1612 2406 affero
1643 2340 2115 2427 gravissimum.
2187 2337 2598 2425 Quamquam
2628 2337 2905 2424 quidem,

440 2451 510 2506 ut
566 2441 737 2507 infra
789 2442 1049 2507 uberius
1110 2442 1476 2525 disseretur,
1535 2465 1691 2509 usus
1746 2444 1874 2524 ille,
1921 2466 2046 2530 quo
2097 2441 2387 2526 profecto
2428 2441 2499 2506 in
2541 2439 2907 2529 parenthesi

440 2555 802 2632 usurpatur,
834 2545 1290 2611 usitatissimus
1338 2556 1454 2627 est,
1513 2546 1884 2612 tamen—id
1929 2545 2100 2634 quod
2148 2567 2370 2611 omnes
2417 2544 2625 2610 adhuc
2671 2544 2907 2609 omise-

443 2647 824 2713 runt—talis
857 2647 1280 2734 parenthesiS,
1313 2648 1369 2714 si
1397 2649 1591 2715 modo
1637 2648 1971 2715 referenda
2016 2657 2113 2715 est
2158 2648 2240 2713 ad
2285 2648 2746 2729 condicionem,
2776 2670 2908 2712 non

444 2758 656 2837 potest
710 2750 973 2837 adiungi
1028 2751 1155 2816 nisi
1212 2751 1514 2835 realibuS,
1574 2776 1738 2839 quae
1793 2762 2125 2835 vocantur,
2184 2751 2551 2832 sententiis;
2609 2749 2782 2837 quod
2823 2749 2906 2814 ad

443 2853 991 2940 comprobandum
1024 2877 1104 2920 ex
1133 2855 1536 2921 multitudine
1568 2856 2005 2944 exemplorum
2051 2879 2257 2944 pauca
2293 2877 2494 2941 eaque
2523 2852 2909 2939 gravissima

445 2955 646 3043 eligo:

752 3061 962 3127 Lael.
1010 3062 1123 3128 48:
1172 3062 1227 3127 si
1271 3061 1444 3129 cadit
1485 3063 1555 3128 in
1602 3063 1957 3152 sapientem
2002 3062 2200 3128 animi
2244 3061 2448 3143 dolor,
2480 3060 2589 3148 qui
2618 3058 2908 3140 profecto

651 3163 838 3246 cadit,
884 3211 901 3228 .
950 3214 965 3229 .
1014 3213 1031 3231 .

754 3266 840 3332 de
864 3267 923 3333 d.
948 3279 1101 3335 nat.
1124 3271 1184 3349 2,
1216 3268 1330 3335 78:
1380 3269 1437 3334 si
1464 3269 1660 3336 modo
1694 3278 1842 3336 sunt
1873 3270 1996 3355 (sc.
2030 3268 2185 3351 dei),
2215 3278 2287 3334 ut
2295 3268 2584 3350 profecto
2617 3275 2814 3349 sunt,.
2845 3317 2858 3331 .
2888 3316 2904 3332 .

752 3386 851 3452 ad
892 3387 1041 3455 fam.
1093 3392 1193 3473 13,
1238 3391 1338 3472 64,
1385 3391 1453 3456 2:
1501 3390 1557 3455 si
1600 3399 1664 3455 te
1707 3390 1957 3456 fautore
1999 3412 2153 3455 usus
2201 3389 2339 3472 erit,
2387 3389 2574 3456 sicuti
2622 3388 2907 3470 profecto

646 3498 709 3556 et
751 3499 960 3558 utetur
1004 3502 1069 3560 et
1109 3516 1264 3559 usus
1311 3503 1429 3575 est,
1474 3545 1486 3558 .
1533 3541 1546 3558 .
1597 3544 1611 3558 .

754 3595 848 3660 ad
890 3597 1052 3663 Att.
1086 3598 1146 3676 2,
1178 3598 1279 3676 20,
1312 3598 1380 3662 5:
1414 3605 1483 3661 tu
1513 3596 1570 3662 si
1597 3620 1700 3662 me
1720 3619 1916 3676 amas,
1940 3607 2243 3687 quantum
2256 3596 2545 3678 profecto
2576 3617 2776 3676 amaS,
2806 3645 2818 3661 .
2846 3645 2859 3660 .
2890 3645 2905 3660 .

618 3713 811 3796 Quod
864 3717 955 3782 ita
1000 3739 1068 3783 se
1123 3717 1361 3783 habere
1439 3716 1599 3782 nihil
1677 3726 1776 3783 est
1830 3717 2288 3783 admirandum.
2388 3714 2714 3795 Quidnam
2780 3714 2907 3778 sibi

448 3818 585 3883 vult
637 3818 1041 3906 parenthesis
1100 3819 1247 3885 talis
1313 3820 1462 3907 »qui
1505 3820 1793 3907 profecto
1840 3821 2049 3887 cadit«
2092 3820 2194 3886 vel
2236 3827 2345 3883 »ut
2386 3816 2673 3905 profecto
2720 3824 2908 3881 sunt«

446 3919 619 3985 aliud
680 3922 807 3987 nisi
878 3923 1366 4011 praecedentem
1431 3923 1859 4011 hypothesim,
1947 3945 2110 4010 quae
2188 3944 2305 4008 per
2357 3942 2429 3986 se
2483 3920 2629 4008 ipsa
2692 3928 2906 3985 utrum

447 4023 659 4088 valeat
711 4047 913 4091 necne
968 4026 1252 4093 nondum
1296 4035 1583 4116 apparet,
1653 4027 2030 4094 confirmare
2076 4049 2156 4092 ex
2198 4024 2368 4089 illius
2414 4024 2748 4106 sententia,
2796 4023 2902 4110 qui

448 4127 646 4193 verba
688 4127 887 4194 facit?
955 4131 1032 4196 In
1074 4129 1412 4196 irrealibus
1473 4152 1624 4196 vero
1670 4129 2152 4196 condicionibus
2195 4128 2326 4193 iam
2385 4126 2615 4193 diserte
2662 4125 2900 4210 signifi-

447 4239 660 4296 catum
704 4239 803 4296 est
846 4232 1303 4312 condicionem,
1340 4256 1505 4321 quae
1537 4233 1798 4320 quidem
1828 4231 2087 4298 omnino
2117 4254 2251 4296 non
2281 4240 2380 4296 est
2406 4254 2563 4298 vera
2590 4227 2899 4308 condicio,

447 4357 577 4400 non
621 4334 853 4402 valere.
943 4333 1137 4415 Quod
1180 4359 1326 4402 cum
1372 4336 1785 4423 explicamus,
1822 4335 1954 4401 iam
1985 4335 2067 4401 ad
2108 4356 2388 4417 causam,
2429 4356 2620 4421 quam
2648 4331 2902 4398 tertiam

447 4439 899 4528 proposuimus
946 4438 1194 4522 afferre,
1240 4441 1648 4507 accessimus·
