3142 5042
1349 239 1693 302 ..25-

466 462 690 529 Tusc.
730 463 784 543 1,
826 460 910 524 46
971 471 1337 544 cernentur3
1404 463 1463 544 2,
1510 463 1588 527 31
1640 461 1837 529 cedet.
1929 463 1983 529 d.
2031 463 2159 529 off.
2206 465 2265 545 3,
2312 463 2390 528 31
2441 461 2752 533 decernet.

292 564 507 631 Lael.
556 564 638 630 50
683 563 1085 631 concedetur.
1134 565 1192 629 d.
1238 588 1337 630 or.
1389 567 1446 648 1,
1478 567 1558 631 67
1608 565 1872 647 efficiet3
1920 566 1978 631 d.
2025 590 2127 632 or.
2174 567 2234 648 2,
2282 567 2404 631 176
2450 566 2750 654 requiret3

292 692 399 735 or.
448 668 602 734 119:
666 667 919 734 referet.
966 691 1053 734 or.
1101 669 1224 734 148
1268 669 1765 757 respondebunt.
1860 669 1919 734 d.
1978 669 2275 738 invent.
2339 671 2395 752 1,
2457 670 2567 734 56:
2623 691 2754 734 non

292 772 585 860 patietur.
695 771 756 854 2,
802 772 843 837 9
918 771 1284 859 paenitebit.
1372 773 1495 837 Br.
1565 773 1693 838 200
1758 772 2099 859 intelleget.
2211 771 2514 840 Cornif.
2561 771 2622 853 4,
2668 771 2752 835 54

292 875 558 965 putabit.
645 874 708 939 d.
782 876 923 962 leg.
993 876 1049 957 1,
1120 875 1202 938 14
1260 875 1478 941 deerit.
1598 876 1656 941 d.
1712 876 1936 962 petit.
2003 876 2081 940 19
2139 877 2599 943 excitabuntur.
2648 874 2753 942 55.

294 978 758 1064 pertimescent.
846 978 907 1055 d,
952 979 1010 1043 d.
1057 988 1209 1052 nat,
1257 979 1313 1057 1,
1370 978 1488 1045 14:
1536 988 1739 1065 coget.
1830 979 1926 1043 ad
1966 980 2121 1046 Att.
2168 981 2228 1062 3,
2277 979 2377 1062 15,
2424 980 2493 1043 3:
2540 977 2749 1044 faciet.

298 1104 403 1168 ep.
447 1082 505 1160 3,
546 1081 607 1161 5,
652 1082 693 1147 2
735 1082 1121 1169 intellegent.
1196 1082 1387 1147 ibid.
1434 1082 1494 1164 8,
1536 1081 1598 1161 -4,
1644 1083 1686 1146 4
1730 1082 2131 1169 transigetur.
2176 1081 2367 1148 ibid.
2403 1083 2503 1167 13,
2535 1082 2637 1160 64,
2682 1082 2753 1145 2:

301 1193 525 1251 utetur.
613 1184 758 1251 div.
805 1186 886 1251 in
932 1184 1157 1254 anc.
1207 1187 1262 1248 1.
1309 1186 1589 1273 putabit3
1634 1185 1747 1250 55:
1792 1185 2090 1273 proferet.
2180 1184 2397 1252 Caec.
2446 1187 2527 1250 70
2571 1207 2756 1271 repe-

300 1287 508 1354 rietur.
594 1288 804 1355 Verr.
851 1290 910 1367 2,
956 1289 1016 1371 2,
1067 1289 1227 1354 175:
1270 1289 1673 1354 mentientur.
1719 1289 1781 1371 2,
1812 1288 1872 1371 4,
1904 1288 1985 1352 82
2017 1288 2205 1367 volet,
2294 1287 2605 1355 Cluent.
2641 1288 2755 1352 66:

301 1391 560 1458 dicetur.
653 1391 709 1458 d.
773 1392 913 1478 leg.
979 1414 1139 1478 agr.
1200 1394 1261 1474 2,
1331 1392 1440 1456 621
1515 1391 1822 1479 perficiet.
1913 1389 2141 1457 Catil.
2209 1393 2269 1473 3,
2332 1392 2401 1456 2ε
2484 1390 2756 1457 debebit.
2919 1418 2924 1425 ¹

297 1495 360 1576 4,
429 1495 512 1560 22
578 1496 947 1582 reperietur.
1033 1494 1227 1561 Mur.
1285 1496 1323 1560 3
1392 1494 1665 1561 debebit.
1753 1493 1965 1561 Cael.
2023 1495 2105 1559 33
2164 1503 2326 1580 aget.
2418 1493 2626 1561 Cael.
2673 1494 2754 1559 67
2872 1521 2876 1525 ·

303 1599 732 1687 explicabunt.
821 1598 982 1667 Mil.
1031 1598 1139 1663 16:
1210 1599 1392 1665 dicet.
1480 1598 1684 1664 Phil.
1757 1599 1815 1680 1,
1874 1599 1951 1662 21
2024 1599 2441 1664 vocabuntur.
2533 1598 2628 1676 12,
2674 1597 2756 1662 32

297 1703 489 1769 volet.
580 1703 677 1782 12,
723 1701 807 1766 26
851 1701 1218 1767 abstinebit.
1312 1703 1410 1780 13,
1459 1701 1570 1766 221
1618 1700 1879 1767 desinet.

430 1819 436 1823 ⁴
473 1803 880 1894 Quamquam
925 1805 1076 1872 huic
1118 1805 1508 1892 quaestionis
1552 1805 1722 1893 parti
1765 1827 1973 1893 pauca
2016 1805 2359 1891 adiungere
2404 1804 2483 1870 de
2524 1827 2759 1889 genere

299 1910 660 1987 verborum,
731 1931 895 1995 quae
961 1907 1278 1974 adduntur
1340 1909 1624 1994 profecto
1677 1908 2044 1995 particulae,
2110 1931 2243 1973 non
2304 1907 2582 1973 alienum
2640 1916 2755 1990 est,

296 2022 513 2079 tamen
555 2011 622 2077 id
669 2012 825 2078 satis
870 2012 1220 2078 habeamus
1276 2013 1345 2078 in
1396 2013 1582 2079 brevi
1640 2021 1984 2098 conspectu
2034 2034 2293 2096 ponere,
2340 2034 2504 2099 quae
2550 2009 2758 2076 adhuc

299 2115 743 2204 exposuimus:
2692 2189 2698 2196 ¹

464 2219 515 2285 I.
603 2247 633 2277 »
652 2218 982 2303 Profecto«
1034 2218 1437 2304 coniungitur
1489 2240 1611 2284 nec
1673 2217 2047 2304 imperfecto
2102 2240 2224 2283 nec
2265 2219 2751 2306 plusquamper-

291 2323 482 2405 fecto,
540 2346 687 2388 raro
746 2321 1031 2409 perfecto
1086 2320 1280 2409 idque
1334 2318 1776 2386 tantummodo
1823 2321 1959 2386 eius
2005 2321 2108 2387 vel
2154 2321 2335 2386 alteri
2379 2321 2484 2387 vel
2528 2320 2756 2385 tertiae

291 2448 605 2506 personae
647 2436 784 2492 tum
828 2448 976 2491 cum
1016 2425 1096 2509 is,
1141 2424 1249 2510 qui
1293 2425 1495 2490 verba
1534 2423 1707 2503 facit,
1763 2423 1832 2489 id
1878 2424 2210 2510 significat,
2269 2422 2443 2511 quod
2481 2423 2753 2499 alterum

295 2527 527 2592 fecisse
570 2527 916 2593 verisimile
961 2535 1075 2593 est.

415 2706 421 2711 ,
469 2629 557 2694 II.
641 2629 1004 2695 Praesentis
1068 2630 1476 2718 potissimum
1542 2631 1742 2697 altera
1805 2652 2083 2717 persona
2147 2631 2487 2713 invenitur,
2562 2629 2751 2695 tertia

297 2732 669 2819 plerumque
715 2732 886 2818 apud
929 2733 1261 2798 auxiliaria
1303 2735 1520 2800 verba.

466 2834 588 2901 III.
674 2833 1004 2901 Facillime
1045 2835 1256 2902 futuro
1302 2836 1556 2902 additur
1599 2866 1625 2895 »
1641 2839 1956 2923 profecto«
2002 2838 2139 2904 sine
2183 2838 2314 2903 ulla
2357 2836 2749 2915 condicione,

297 2947 361 3004 et
401 2938 646 3026 primae
694 2946 758 3003 et
799 2938 986 3004 alteri
1031 2945 1094 3003 et
1139 2940 1359 3006 tertiae
1404 2963 1733 3028 personae.

1453 3165 1594 3246 §a

632 3301 900 3393 qulbus
944 3301 1027 3368 111
1071 3304 1475 3372 enuntians
1519 3305 1914 3391 usurpetur
1956 3301 2413 3391 „profecto“.

470 3453 763 3533 Profecto
827 3453 1174 3540 particulae
1237 3479 1424 3521 usum
1474 3466 1608 3523 tam
1664 3457 1855 3524 certis
1914 3464 2103 3544 atque
2158 3457 2361 3523 firmis
2419 3457 2750 3523 astrictum

297 3580 442 3624 esse
485 3558 759 3644 legibuS,
788 3580 981 3644 quam
1023 3556 1136 3624 vix
1178 3559 1366 3624 ullius
1433 3570 1495 3626 et
1551 3585 1631 3627 ex
1662 3561 1762 3646 iis,
1810 3584 1973 3649 quae
2019 3559 2226 3627 adhuc
2255 3561 2334 3626 de
2356 3561 2751 3648 temporibus

301 3660 789 3749 disputavimu8‚
821 3659 1195 3747 planissime
1227 3685 1537 3748 apparere
1562 3664 1815 3731 videtur
1838 3674 1902 3730 et
1922 3687 2001 3729 ex
2027 3685 2104 3729 ea
2131 3664 2397 3747 ratione,
2431 3687 2558 3752 qua
2585 3663 2753 3729 hanc

301 3763 676 3850 particulam
717 3763 788 3828 in
831 3763 1174 3829 enuntiatis
1222 3765 1606 3850 quibusdam
1649 3776 2025 3855 usurpatam
2066 3767 2440 3855 reperimus·
2487 3805 2573 3815 —

469 3866 814 3932 Latissime
846 3876 1057 3932 autem
1089 3875 1267 3953 patet
1299 3868 1434 3934 eius
1463 3891 1620 3935 usus
1643 3861 2194 3938 in'sententiarum
2217 3870 2757 3937 condicionalium

302 3969 590 4056 apodosi,
635 3978 709 4034 ut
749 3968 909 4034 haec
964 3967 1416 4050 confidentius,
1462 3973 1669 4059 magis
1728 3997 1807 4041 ex
1860 3974 2129 4040 dicentis
2190 3996 2385 4040 sensu
2443 3973 2754 4041 adiciatur

298 4074 565 4160 protasi.
682 4071 933 4152 Quodsi
1003 4073 1210 4139 reales
1278 4085 1343 4140 et
1416 4075 1679 4142 irreales
1745 4078 2085 4166 praecipue
2153 4077 2559 4145 condiciones
2632 4077 2757 4142 hac

297 4175 548 4241 ratione
592 4183 854 4243 utuntur
895 4185 1120 4241 nostra
1161 4179 1494 4266 particula,
1540 4181 1869 4248 rarissime
1913 4180 2295 4269 potentiales
2324 4181 2486 4267 (bist
2511 4179 2575 4247 sd.
2621 4179 2752 4248 div.

302 4279 359 4358 1,
407 4279 529 4344 127
576 4287 642 4344 et
684 4275 859 4345 Cael.
895 4282 984 4363 1),
1027 4280 1151 4346 hac
1192 4282 1260 4346 in
1305 4301 1373 4347 re
1415 4284 1696 4351 maxime
1740 4284 1912 4351 haud
1957 4284 2091 4350 scio
2137 4308 2219 4350 an
2279 4285 2364 4351 sit
2407 4284 2756 4371 conspicua
2871 4295 2880 4306 '

297 4402 456 4446 vera
540 4382 927 4470 propriaque
1014 4383 1363 4471 particulae
1435 4387 1630 4453 notio.
1777 4389 2071 4476 Namque
2160 4411 2304 4454 cum
2375 4387 2757 4475 potentiales

301 4483 711 4552 condiciones
797 4486 929 4551 iam
1013 4508 1128 4574 per
1216 4509 1286 4553 se
1345 4488 1527 4577 ipsae
1584 4490 1714 4556 sint
1775 4491 2129 4566 subiectivi‚
2229 4499 2301 4557 ut
2364 4491 2456 4556 ita
2527 4490 2755 4576 dicam,
2843 4538 2848 4544 -
