3142 5042
1451 216 1790 288 ...56-

562 443 793 534 Ap'ul.
864 441 926 510 d.
980 443 1250 530 magia
1299 445 1419 512 36:
1484 445 1615 512 Pro
1680 449 1792 513 tua
1859 444 2216 514 eruditione
2259 441 2510 539 [legisti
2562 441 2878 529 profecto

389 549 759 615 Aristotelis
803 550 934 631 περὶ
981 551 1154 620 ζώων
1199 549 1486 631 γενέσεως
1533 600 1548 614 .
1595 604 1613 623 ,
1660 602 1676 618 .

558 652 674 717 Fr.
723 677 784 738 p.
832 652 944 722 80;
995 653 1425 741 1553Apu1.
1471 663 1648 718 met.
1695 655 1754 734 6,
1799 654 1913 727 23;
1961 652 2020 718 d.
2068 675 2264 734 mag.
2314 651 2432 725 173
2481 651 2592 726 76;
2655 650 2843 717 Gell.

385 758 448 837 4,
496 755 551 839 1,
598 755 692 820 15.

558 859 708 927 Non
775 858 1026 925 silentio
1096 859 1633 945 praetereundum
1702 858 1976 925 arbitror
2042 868 2173 925 tres
2240 857 2385 923 illos
2422 857 2728 942 profeetO,
2782 866 2851 922 ut

389 961 560 1049 apud
583 961 841 1026 Livium
871 961 1148 1048 primum
1180 963 1608 1048 significatum
1637 974 1754 1045 est,
1778 962 1845 1027 in
1891 962 2176 1027 oratione
2206 959 2516 1027 indirecta
2546 960 2850 1026 adhibere

395 1075 587 1151 atque
605 1063 904 1131 --Gellium
931 1065 1406 1151 Apuleiumque
1434 1066 1501 1131 in
1533 1065 1929 1131 secundariis
1960 1087 2211 1152 quoque
2257 1063 2618 1146 enuntiatiS,
2646 1063 2847 1130 velut:

563 1167 619 1234 G
642 1168 762 1234 ell.
813 1168 869 1251 1,
915 1169 974 1249 3,
1022 1170 1131 1234 29:
1179 1169 1365 1237 Haec
1388 1168 1867 1254 Theophrastus
1914 1167 2069 1232 satis
2116 1176 2298 1233 caute
2343 1167 2602 1254 scripsit
2644 1190 2848 1252 quon-

389 1272 521 1337 iam
557 1271 840 1353 profecto
884 1293 1224 1337 causarum
1253 1271 1596 1339 varietates
1642 1319 1660 1338 .
1710 1321 1723 1334 .
1771 1320 1785 1336 .
1834 1271 2202 1339 distinctum
2244 1271 2312 1335 in
2356 1271 2549 1339 rebus
2582 1269 2849 1355 singulis

391 1383 803 1462 praeceptum
845 1397 977 1440 non
1023 1377 1297 1463 capiunt.

557 1476 762 1546 Gell.
808 1477 869 1561 4,
916 1478 972 1560 3,
1019 1479 1085 1541 1:
1130 1477 1476 1545 Memoriae
1521 1477 1827 1545 traditum
1870 1486 1969 1543 est
2010 1524 2025 1539 .
2071 1527 2085 1543 .
2130 1525 2147 1544 .
2192 1476 2401 1543 nullas
2446 1473 2540 1540 rei
2582 1473 2847 1541 uxoriae

382 1605 588 1664 neque
662 1581 945 1646 actiones
1018 1603 1224 1667 neque
1298 1581 1624 1647 cautiones
1698 1581 1765 1649 in
1853 1581 2009 1645 urbe
2097 1579 2307 1645 Roma
2375 1627 2394 1645 .
2463 1630 2477 1644 .
2544 1627 2558 1641 .
2630 1576 2847 1655 fuisse,

387 1685 686 1771 quoniam
719 1684 1003 1765 wofecto
1044 1684 1206 1773 nihil
1249 1684 1777 1755 desiderabantur
1822 1736 1833 1748 .
1878 1733 1892 1749 .
1938 1732 1951 1747 .

560 1786 813 1868 Quibus
857 1786 1017 1852 locis
1062 1787 1477 1875 praeteritum
1518 1797 1771 1874 tempus
1818 1785 2275 1855 admonuerim.

558 1891 784 1978 Apul.
831 1891 893 1955 d.
939 1889 1184 1976 dogm.
1230 1889 1283 1955 P
1298 1890 1337 1954 l.
1383 1891 1442 1973 2,
1486 1890 1600 1959 22:
1648 1889 1922 1976 Sapiens
1965 1912 2098 1954 non
2141 1887 2334 1953 modo
2369 1908 2583 1952 merae
2613 1885 2841 1971 volup-

386 1994 536 2065 tatis
583 1993 838 2078 quidem
870 1993 1137 2059 alicuius
1180 1993 1388 2080 gratia
1426 1994 1641 2060 veniet
1683 1992 1765 2058 ad
1789 1992 2123 2079 agendum,
2151 1991 2278 2059 nisi
2301 1991 2590 2072 profecto
2613 1988 2849 2054 fuerint

388 2096 661 2163 honesta
705 2098 1133 2163 emolumenta
1177 2096 1448 2163 virtutis,

552 2199 684 2267 Hic
737 2200 805 2265 in
858 2199 1003 2285 ipsa
1059 2198 1432 2266 condicione
1487 2222 1642 2266 usus
1713 2198 2055 2286 postremis
2125 2198 2523 2286 temporibus
2583 2194 2843 2283 saepius

386 2303 680 2386 occurrit,
741 2302 808 2366 id
872 2301 1045 2387 quod
1106 2302 1236 2368 iam
1308 2300 1606 2368 WIGHERT
1671 2328 1738 2389 p.
1824 2303 1904 2366 36
1933 2367 1944 2378 ,
1971 2300 2143 2388 apud
2209 2301 2617 2367 Lactantium
2672 2306 2838 2365 recte

383 2405 699 2492 cognovit.

1513 2563 1714 2571 n—---—-—-——

555 2714 859 2793 Protinus
924 2715 993 2780 in
1057 2715 1484 2802 posteriorum
1552 2714 1936 2802 scriptorum
1999 2735 2187 2781 usum
2241 2713 2563 2800 inquirere
2622 2730 2845 2797 super-

396 2841 750 2884 vacaneum
813 2818 1087 2909 videturst
1143 2818 1446 2905 quoniam
1515 2841 1593 2884 ea
1643 2818 1805 2905 ipsa,
1849 2841 2012 2905 quae
2054 2817 2157 2885 his
2202 2817 2504 2883 extremis
2568 2810 2845 2900 plagulis

391 2923 878 3013 disputavimuS,
932 2916 1062 2989 non
1125 2931 1257 2987 tam
1312 2922 1394 2987 ad
1437 2923 1631 2989 totius
1677 2922 2071 3006 quaestionis
2134 2921 2447 2991 rationem
2511 2918 2849 3008 pertinent,

388 3045 598 3112 quam„
685 3047 849 3112 quae
936 3025 1004 3092 in
1094 3025 1422 3110 superiore
1511 3025 2046 3105 commentatione
2108 3026 2403 3093 evincere
2471 3022 2851 3104 studuimuS,

384 3129 707 3193 illustrant
757 3137 945 3213 atque
990 3126 1348 3215 explanant·
