3142 5042
1419 214 1720 285 ...2-

344 440 626 526 afferam,
659 440 973 529 quidem
1005 441 1383 530 particulam
1410 453 1633 510 nostro
1659 465 1826 512 zwar
1854 444 1959 512 vel
1989 441 2311 510 Graecum
2339 439 2407 524 γε’
2437 439 2814 523 weniystens'

342 546 741 611 reddideris?
829 546 1052 632 Neque
1109 546 1300 632 igitur
1352 548 1588 614 mirum
1647 550 1726 615 de
1781 548 2111 637 permultis
2162 545 2291 614 huc
2333 544 2794 633 pertinentibus

341 649 586 715 voculis
629 649 848 731 falsaS,
892 671 975 714 ne
1021 649 1228 714 dicam
1273 674 1611 738 perversas
1655 652 1992 739 irrepsisse
2024 649 2357 737 opiniones
2391 671 2505 734 per
2535 648 2795 733 longum

339 753 694 817 litterarum
739 752 1015 838 spatium
1044 752 1454 836 inveterataS,
1487 778 1566 819 ex
1598 739 1828 840 quibus
1860 755 1981 819 etsi
2020 754 2360 842 pleraeque
2390 752 2519 816 iam
2550 751 2797 839 pridem
2833 742 2840 749 ’

341 854 644 942 explosae
689 863 752 919 et
793 855 1066 920 reiectae
1112 866 1279 939 sunt,
1328 867 1544 922 tamen
1588 858 1825 923 multae
1868 880 1950 922 ne
1993 856 2186 921 hodie
2231 855 2489 943 quidem
2522 877 2798 920 evanue-

338 968 500 1023 runt.
591 957 784 1038 Quod
831 980 976 1023 cum
1018 959 1085 1022 in
1131 982 1354 1024 omnes
1400 969 1615 1046 partes
1645 961 1836 1041 valet,
1874 969 2006 1025 tum
2038 959 2316 1024 maxime
2346 957 2414 1022 in
2444 957 2797 1022 affirmandi

338 1062 794 1148 particularum
838 1062 1170 1138 rationem,
1221 1084 1383 1147 quae
1426 1063 1595 1128 infra
1637 1063 1843 1129 fusius
1888 1063 2273 1149 uberiusque
2305 1060 2802 1148 explicabuntur.

339 1164 412 1231 Si
454 1165 523 1228 in
565 1164 781 1247 ullam,
824 1165 894 1228 in
936 1164 1104 1230 hanc
1145 1164 1432 1252 profecto
1465 1166 1821 1233 doctrinam
1851 1167 2026 1232 cadit
2055 1164 2416 1232 Gonorssnm
2464 1164 2802 1229 HERMANNI

333 1268 492 1333 illud
539 1271 779 1355 (opusc.
823 1269 877 1335 Ι.
927 1268 1107 1349 148);
1177 1297 1203 1326 »
1221 1269 1416 1334 Nulla
1457 1293 1561 1336 res
1608 1272 1753 1358 plus
1800 1269 2018 1334 damni
2078 1267 2291 1333 intulit
2332 1266 2558 1332 litteris
2605 1291 2799 1354 quam

336 1372 604 1436 inertiae
659 1371 794 1435 filia
851 1371 1226 1453 credulitas3
1281 1396 1432 1438 nam
1497 1374 1663 1439 sicut
1725 1374 1792 1437 in
1861 1372 2034 1437 omni
2093 1370 2494 1457 negotiorum
2562 1393 2794 1455 genere

337 1475 648 1561 quaedam
714 1475 1117 1561 reperiuntur
1180 1475 1574 1542 inveteratae
1646 1476 1997 1563 opinioneS‚
2078 1496 2237 1562 quas
2313 1472 2421 1537 alii
2495 1474 2576 1538 ab
2651 1474 2792 1538 aliis

339 1586 636 1665 acceptas
683 1586 945 1645 servant
987 1578 1410 1665 religioseque
1453 1588 1709 1644 tuentur
1741 1629 1758 1644 .
1790 1626 1808 1644 .
1842 1628 1857 1644 .
1902 1579 1993 1642 ita
2037 1578 2229 1642 etiam
2272 1576 2340 1640 in
2384 1575 2610 1642 litteris
2659 1626 2674 1642 .
2723 1626 2739 1643 .
2777 1627 2795 1645 .

332 1681 617 1769 plerique
673 1681 879 1766 magis
938 1681 1092 1769 quid
1148 1691 1297 1747 ante
1354 1704 1423 1747 se
1481 1683 1593 1748 alii
1650 1682 1928 1746 dixerint
1982 1704 2170 1768 quam
2223 1679 2315 1744 illi
2373 1702 2456 1742 an
2511 1679 2580 1743 id
2623 1690 2795 1745 recte

336 1785 633 1866 dixerint,
667 1783 922 1849 student
952 1807 1352 1870 cognoscere.
1424 1784 1572 1865 Quo
1604 1786 1693 1864 fit,
1727 1794 1796 1849 ut
1828 1785 2099 1869 denique
2119 1782 2314 1868 longa
2337 1782 2793 1848 consuetudine

332 1888 416 1953 ad
480 1887 868 1953 credendum
931 1887 1315 1953 inducantur
1371 1888 1678 1953 mirantes
1751 1911 1827 1953 ac
1883 1911 2085 1974 paene
2152 1894 2480 1972 stupentes
2539 1885 2594 1950 si
2651 1887 2794 1972 quis

332 1992 514 2057 aliter
560 1992 796 2056 sentire
841 1991 1137 2061 audeat«
1182 2029 1266 2039 —
1311 1991 1443 2058 Sed
1485 1991 1708 2056 redeat
1751 1991 1975 2073 oratio,
2020 1990 2189 2056 unde
2235 1988 2575 2055 aberravit.
2624 2026 2712 2036 —

502 2095 541 2180 ξ
588 2097 647 2160 2.
737 2093 932 2174 Quod
999 2096 1226 2160 attinet
1291 2094 1374 2159 ad
1429 2095 1649 2177 libros,
1710 2095 1819 2181 qui
1888 2104 2037 2160 sunt
2092 2094 2171 2158 de
2218 2091 2435 2159 Latini
2480 2092 2794 2158 sermonis

328 2198 677 2287 particuliS,
712 2198 1000 2285 'primum
1044 2197 1148 2262 vel
1203 2199 1417 2284 potius
1475 2222 1674 2264 unum
1730 2198 2121 2263 laudandum
2177 2218 2406 2261 censeo
2467 2194 2794 2276 Hmamn,

329 2303 439 2390 qui
483 2301 880 2388 amplissimo
930 2301 1504 2389 copiosissimoque
1552 2324 1746 2390 opere
1791 2303 1872 2367 ab
1934 2301 2229 2367 omnibus
2273 2296 2431 2362 viris
2478 2296 2681 2362 doctis
2726 2297 2795 2360 in

330 2407 791 2492 sempiternum
834 2403 1007 2468 haud
1052 2403 1186 2469 scio
1230 2428 1317 2470 an
1359 2404 1711 2471 maximam
1753 2405 2026 2491 gratiam
2060 2402 2293 2469 inierit.
2382 2397 2794 2487 Quamquam

331 2517 545 2573 autem
588 2508 758 2573 illius
789 2506 1107 2593 insignem
1152 2530 1415 2594 operam
1460 2530 1808 2595 curamque
1854 2509 2015 2574 adeo
2059 2530 2189 2572 non
2231 2503 2417 2590 parvi
2454 2503 2793 2568 aestimare

331 2612 557 2694 audeo,
603 2619 674 2675 ut
718 2620 942 2676 contra
985 2619 1232 2676 tantum
1278 2612 1337 2677 ei
1378 2611 1744 2699 impertiam
1786 2612 2014 2689 laudiS,
2068 2616 2376 2696 quantum
2421 2605 2794 2672 doctissimo

335 2716 475 2781 viro
535 2723 721 2797 atque
778 2706 1247 2801 spectatissimo
1306 2715 1592 2797 debetur,
1649 2724 1868 2782 tamen
1923 2716 2038 2782 vix
2100 2719 2314 2798 potest
2377 2710 2600 2794 negari
2665 2710 2802 2775 eius

330 2819 520 2900 libro,
572 2827 649 2883 ,ut
702 2842 819 2903 pro
865 2819 977 2883 illa
1031 2827 1238 2884 aetate
1295 2819 1480 2885 unice
1551 2828 1689 2891 erat
1755 2815 2335 2906 praestantissimus
2396 2813 2804 2898 maximaque

337 2921 665 3007 diligentia
707 2921 1077 3010 perpolituS‚
1131 2921 1224 2985 ita
1277 2922 1469 2987 hodie
1512 2921 1685 2987 haud
1734 2923 1825 2987 ita
1867 2922 2139 2987 multum
2182 2915 2594 2983 tribuendum
2638 2938 2803 2986 esse.

328 3025 469 3091 Nec
510 3025 762 3090 mirum.
808 3023 1028 3090 Maius
1076 3025 1392 3113 spectavit
1443 3025 1660 3108 HAND,
1719 3048 1913 3112 quam
1968 3046 2085 3110 pro
2131 3020 2319 3086 unius
2365 3018 2489 3085 viri
2532 3018 2800 3085 viribus,

325 3125 501 3207 Quid
558 3127 638 3193 de
693 3128 818 3193 hoc
873 3127 1039 3193 libro
1098 3128 1510 3194 iudicandum
1567 3129 1669 3210 sit,
1728 3125 2249 3195 commodissime
2304 3121 2459 3187 dicit
2513 3122 2801 3189 Rmmcx

324 3231 391 3295 in
436 3230 949 3318 praeclarissimo
1007 3231 1116 3295 illo
1180 3231 1417 3314 libello,
1475 3232 1588 3319 qui
1628 3232 2026 3298 inscribitur:
2083 3228 2386 3312 Beitrage
2432 3249 2546 3290 zur
2589 3225 2800 3305 Lehre

328 3357 460 3399 von
534 3334 658 3399 den
729 3334 1150 3399 lateinischen
1221 3335 1570 3432 Partikeln‚
1656 3335 1815 3422 Lpz.
1897 3334 2065 3399 1869
2137 3352 2201 3416 p.
2274 3332 2345 3399 1:
2434 3328 2614 3394 »Ffir
2680 3329 2795 3394 das

323 3435 732 3503 Lateinische
803 3437 1038 3503 bedarf
1096 3438 1350 3503 Hand’s
1412 3438 1827 3520 Tursellinus,
1884 3438 2115 3502 immer
2169 3433 2340 3500 noch
2395 3432 2496 3497 die
2553 3431 2796 3515 einzige

321 3540 732 3606 umfassende
778 3542 1011 3608 Arbeit
1064 3542 1179 3608 auf
1230 3542 1473 3607 diesem
1519 3541 1805 3623 Gebiete,
1872 3540 2048 3606 einer
2105 3535 2574 3622 vollstandigen
2632 3533 2793 3601 Um-

325 3644 686 3730 gestaltung
728 3644 861 3709 und
901 3645 1341 3730 Erneuerung,
1366 3645 1574 3711 wobei
1602 3644 1754 3709 kein
1780 3642 1960 3711 Stein
1999 3642 2114 3708 auf
2153 3641 2299 3706 dem
2346 3639 2592 3719 andern
2636 3636 2796 3703 wird

322 3747 575 3814 bleiben
590 3748 864 3813 konnen.
872 3776 899 3805 «
920 3747 1335 3835 RmBon,qui
1352 3748 1775 3837 complurium
1787 3748 2059 3813 Latinae
2071 3745 2326 3830 linguae
2342 3742 2797 3830 particularum

325 3852 779 3937 etymologiam
811 3860 875 3916 et
896 3874 1101 3934 usum,
1120 3851 1435 3938 imprimis
1467 3861 1800 3940 poetarum
1829 3852 2240 3931 comicorum,
2259 3845 2623 3927 illustravit,
2655 3845 2796 3931 ipse

324 3953 498 4042 quod
545 3953 731 4019 offert
773 3955 929 4021 viris
975 3954 1182 4023 doctis
1229 3956 1555 4043 specimen
1601 3957 1747 4022 talis
1794 3954 2187 4043 quaestionis
2237 3949 2546 4031 nominat,
2611 3948 2795 4031 alios,

327 4068 402 4122 ut
447 4058 806 4124 accuratius
851 4058 1019 4125 hanc
1060 4082 1201 4125 rem
1243 4059 1567 4146 indagent,
1615 4060 1988 4126 admonens,

497 4159 648 4241 Qua
694 4161 801 4228 via
846 4170 909 4226 et
949 4162 1198 4228 ratione
1244 4163 1591 4246 particulae
1635 4163 1906 4229 Latinae
1961 4183 2194 4246 magno
2254 4180 2399 4224 cum
2441 4156 2793 4221 litterarum

282 4334 291 4343 ⁴
328 4264 670 4330 commodo
758 4274 1227 4352 pertractentur
1311 4275 1606 4353 oporteat
1628 4318 1644 4349 ,
1737 4265 2239 4331 luculentissime
2314 4261 2791 4327 demonstrasse

328 4366 626 4434 videntur
671 4376 736 4433 et
775 4367 1166 4434 FLEGKEISEN
1208 4370 1535 4435 uberrima
1589 4369 1701 4435 illa
1756 4369 1834 4435 de
1877 4369 1957 4434 N
1951 4390 1982 4433 e
2038 4365 2351 4455 particula
2406 4359 2794 4428 affirmativa

328 4470 775 4555 disputatione,
807 4494 970 4558 quae
1016 4472 1342 4562 invenitur
1386 4473 1454 4537 in
1499 4474 1700 4540 altero
1724 4472 2046 4559 Philologi
2089 4468 2411 4538 volumine
2455 4490 2515 4554 p.
2550 4465 2629 4531 61
2668 4486 2795 4551 sq„
