3142 5042
1411 223 1750 289 -54-

521 441 853 513 Curtius
899 444 1156 534 quidem
1201 455 1265 514 et
1306 447 1873 530 Quintilianus
1913 450 2045 517 iam
2088 445 2343 534 saepius
2387 450 2645 510 utuntur
2687 441 2811 511 hac

346 546 661 633 particula
715 548 847 632 (ille
891 560 1114 637 quater
1159 551 1406 634 decies;
1463 552 1571 619 hic
1625 554 1885 641 novies)
1945 565 2009 621 et
2064 550 2536 626 transitionem,
2592 556 2666 613 ut
2722 547 2812 614 ita

351 648 579 732 dicam,
610 650 853 719 faciunt
870 654 952 719 ad
982 655 1147 730 illos,
1181 655 1289 742 qui
1320 656 1699 744 particulam
1729 680 1932 746 paene
1967 656 2398 724 oblitteratam
2428 650 2811 718 resuscitant

349 761 539 841 atque
585 754 914 823 vindicant
955 759 1038 824 ab
1086 758 1425 826 oblivione.

521 856 782 925 Curtius
824 860 1033 949 igitur,
1079 862 1181 928 cui
1224 885 1370 929 mea
1415 863 1675 951 quidem
1720 864 2035 930 sententia
2079 863 2184 929 vel
2237 860 2418 941 ideo,
2464 857 2636 946 quod
2680 857 2805 924 hac

350 960 665 1047 particula
722 962 1078 1031 rectissime
1137 965 1353 1050 utitur,
1397 966 1713 1033 immerito
1761 967 2217 1056 particularum
2274 961 2496 1051 inopia
2571 987 2807 1051 oppor-

348 1063 491 1130 brio
556 1064 767 1148 datur,
831 1066 1148 1135 artissime
1213 1069 1361 1137 Livi
1424 1056 1785 1137 auctoritati
1854 1092 1924 1137 se
1988 1068 2319 1159 applicans
2374 1076 2583 1134 certos
2642 1068 2807 1132 fines

348 1166 781 1255 terminosque
825 1169 946 1236 sibi
995 1170 1340 1238 constituit.
1406 1173 1672 1240 Praeter
1714 1196 1899 1242 usum
1939 1174 2006 1239 in
2053 1170 2501 1239 condicionum
2545 1169 2811 1259 apodosi

347 1269 419 1348 3,
487 1271 557 1355 6,
628 1271 736 1353 123
810 1273 907 1357 12,
976 1275 1086 1356 193
1153 1274 1213 1354 4,
1278 1276 1338 1358 7,
1398 1278 1512 1358 293
1598 1278 1698 1360 13,
1773 1277 1853 1341 13
1932 1281 2023 1359 (et
2069 1274 2403 1358 profecto„
2449 1275 2508 1353 8,
2564 1273 2633 1352 5,
2694 1272 2807 1354 143
2908 1277 2913 1282 ’

347 1373 408 1452 9,
452 1373 510 1452 8,
558 1375 638 1438 18
665 1398 798 1441 non
842 1377 1028 1462 parvi
1072 1384 1172 1444 est
1218 1379 1524 1446 momenti
1569 1380 1652 1445 ad
1696 1381 2026 1447 notionem
2056 1387 2231 1445 recte
2272 1377 2804 1465 cognoscendam,

350 1477 521 1565 apud
567 1476 861 1546 Curtium
894 1481 1186 1562 profecto
1229 1505 1405 1548 more
1449 1482 1724 1550 Liviano
1780 1484 1851 1549 in
1894 1491 2212 1550 structura
2270 1480 2619 1547 accusativi
2664 1502 2810 1545 cum

346 1579 662 1648 infinitivo
720 1583 1054 1670 pendentis
1100 1608 1141 1651 a
1182 1587 1380 1652 verbo
1427 1587 1808 1653 censendi
1861 1589 2016 1675 poni
2071 1624 2155 1634 —-
2209 1585 2277 1651 id
2332 1583 2505 1672 quod
2547 1584 2612 1648 in
2657 1605 2808 1668 par-

347 1683 608 1759 ticulam
649 1686 840 1772 plane
884 1687 1335 1757 affirmativam
1375 1710 1507 1756 non
1538 1689 1929 1764 conveniret,
1984 1690 2181 1757 velut:

517 1786 596 1872 4,
651 1789 721 1873 4,
775 1790 846 1857 5:
912 1790 1217 1880 Utrisque
1282 1791 1485 1860 laetus
1550 1793 1673 1859 fuit
1735 1793 1964 1860 beluae
2022 1800 2351 1879 aspectus:
2418 1789 2808 1858 Macedones

350 1890 470 1955 iter
500 1891 791 1961 iaciendo
823 1896 1002 1982 operi
1030 1906 1426 1963 monstrasse
1450 1919 1593 1963 eam
1618 1897 2108 1984 augurabantur,
2137 1895 2316 1983 Tyrii
2340 1896 2707 1983 Neptunum
2740 1943 2755 1958 .
2793 1943 2807 1956 .

351 1992 708 2082 abripuisse
753 1997 1008 2065 beluam
1051 2022 1129 2066 ac
1170 2000 1405 2067 molem
1450 2000 1635 2069 brevi
1666 2001 1951 2082 profecto
1992 2001 2321 2066 ruituram.

519 2096 590 2181 4,
661 2100 769 2183 10,
829 2102 943 2167 31:
1008 2105 1091 2170 ob
1150 2103 1313 2171 haec
1354 2104 1498 2193 ipsa
1542 2104 1815 2170 amantis
1870 2105 2121 2172 animus
2184 2102 2254 2168 in
2315 2100 2806 2168 sollicitudinem

351 2198 910 2293 suspicionemque
953 2207 1281 2274 revolutus
1327 2217 1443 2291 est,
1486 2207 1874 2274 desiderium
1919 2208 2211 2297 captivae
2243 2207 2529 2291 profecto
2574 2228 2614 2269 a
2656 2226 2802 2270 con-

353 2304 685 2371 suetudine
732 2310 936 2397 stupri
981 2319 1191 2377 ortum
1235 2333 1380 2378 esse
1424 2311 1809 2378 coniectans·

520 2410 590 2492 5,
640 2412 749 2488 11,
799 2413 864 2479 7:
910 2413 1150 2481 Bessus
1199 2460 1215 2476 .
1258 2463 1273 2481 .
1305 2466 1323 2483 .
1378 2414 1686 2481 iudicium
1738 2415 2025 2498 profecto
2094 2412 2434 2482 Satronem
2502 2410 2792 2479 detulisse

348 2511 668 2580 credebat.

519 2617 588 2696 8,
633 2619 704 2701 3,
746 2618 819 2682 4:
865 2619 981 2687 Ille
1027 2669 1043 2685 .
1079 2671 1094 2686 .
1137 2670 1152 2686 .
1198 2628 1375 2686 ratus
1431 2621 1677 2688 formae
1724 2622 2009 2706 profecto
2082 2621 2320 2687 fiducia
2374 2641 2606 2709 cupere
2663 2639 2805 2684 eam

349 2718 541 2806 quam
560 2721 840 2808 primum
870 2722 1016 2789 dedi
1029 2724 1404 2791 Alexandro
1435 2725 1760 2793 acinacem
1794 2725 2067 2803 strinxit,
2079 2747 2499 2813 percussurus
2520 2746 2806 2792 uxorem.

520 2825 582 2907 9,
628 2825 686 2905 8,
735 2827 847 2909 183
894 2829 953 2911 9,
1003 2830 1060 2911 1,
1111 2830 1209 2895 18.

519 2929 659 2995 Nec
700 2930 912 2997 minus
958 2942 1058 2998 est
1098 2932 1367 3021 insignis
1409 2933 1518 3000 hic
1559 2934 1766 3001 locus:

520 3032 592 3116 5,
638 3033 711 3117 9,
761 3036 831 3100 2:
865 3033 996 3103 Sed
1025 3037 1443 3103 Nabarzanes
1476 3038 1575 3123 (et
1594 3036 1868 3122 Bessus)
1896 3086 1905 3095 ‚
1939 3088 1955 3104 .
1978 3085 1991 3099 .
2024 3058 2236 3122 regem
2268 3034 2810 3123 comprehendere

352 3134 769 3204 decreverant
811 3161 888 3205 ea
940 3149 1174 3224 mente,
1229 3150 1298 3207 ut
1355 3188 1369 3204 .
1408 3194 1421 3208 .
1456 3188 1471 3206 .
1531 3141 1765 3207 tradito
1824 3162 1975 3227 rege
2032 3140 2179 3205 vivo
2244 3139 2480 3205 inirent
2535 3139 2810 3225 gratiam

350 3237 634 3323 victorie,
679 3242 893 3328 magni
927 3243 1209 3327 profecto
1270 3244 1518 3334 cepisse
1563 3244 1853 3321 Dareum
1898 3243 2310 3309 aestimaturi.

523 3341 654 3424 Qui
695 3343 924 3433 reliqui
969 3355 1318 3432 sequuntur
1359 3347 1486 3413 loci
1534 3347 1671 3433 (10,
1721 3347 1781 3429 5,
1827 3346 1912 3411 25
1954 3355 2017 3412 et
2049 3347 2145 3425 10,
2191 3345 2249 3424 5,
2294 3346 2396 3430 27,
2439 3368 2648 3432 paene
2695 3368 2805 3411 ex-

355 3446 765 3514 clamativam
810 3448 1115 3516 exhibent
1159 3449 1710 3533 significationem,
1764 3459 2075 3536 quatenus
2114 3445 2399 3534 profecto
2452 3449 2698 3517 maiore
2744 3448 2811 3514 vi

349 3551 541 3636 paulo
598 3552 973 3641 ampliorem
1027 3553 1432 3632 locutionem,
1490 3553 1782 3619 similiter
1846 3562 2037 3640 atque
2081 3575 2125 3641 q
2146 3551 2412 3617 uidam
2454 3574 2811 3640 pronomen

352 3652 685 3721 adiectivis
731 3657 1115 3744 appositum,
1161 3658 1518 3739 confirmat,
1563 3657 1741 3724 velut
1786 3657 1887 3740 10,
1931 3656 1992 3739 5,
2024 3656 2108 3720 25
2154 3674 2487 3739 »magnum
2522 3656 2808 3741 profecto

353 3755 833 3826 documentum«
880 3761 981 3843 10,
1027 3761 1086 3840 5,
1130 3761 1209 3826 27
1258 3763 1580 3848 »ingentes
1617 3761 1900 3846 profecto
1947 3759 2161 3825 dotes«

525 3859 654 3928 Sed
688 3864 824 3929 iam
869 3864 1013 3953 plus
1057 3865 1226 3931 iusto
1270 3864 1377 3931 hic
1420 3864 1798 3932 commorati
1871 3885 2122 3940 sumus3
2153 3872 2494 3950 pergamus
2539 3861 2807 3951 proinde

354 3964 437 4029 ad
477 3961 1094 4045 Quintilianum.
1174 3968 1375 4036 Cuius
1401 3990 1552 4034 usus
1584 3969 1675 4034 ita
1705 3966 1958 4033 differat
1987 3989 2027 4031 a
2069 3965 2393 4032 communi
2438 3974 2510 4031 ut
2554 3967 2804 4054 saepies

341 4068 633 4149 profecto
720 4071 830 4135 uni
916 4074 1111 4138 verbo
1205 4071 1549 4139 adhaereat
1618 4071 1864 4159 reliquo
1950 4069 2279 4136 enuntiato
2350 4069 2653 4156 neglecto,
2739 4068 2808 4134 id

355 4172 529 4258 quod
573 4195 768 4260 supra
795 4174 862 4239 in
907 4185 1129 4241 certe
1173 4176 1486 4264 particula
1529 4173 2194 4255 commemoravimuS,
2240 4173 2441 4239 velut:
2489 4172 2551 4253 9,
2602 4173 2658 4255 1,
2707 4172 2808 4253 18,

358 4277 458 4359 10,
495 4276 550 4358 1,
584 4277 693 4356 70;
725 4278 822 4357 11,
856 4279 913 4360 1,
947 4279 1055 4361 71;
1103 4281 1198 4355 11,
1231 4280 1352 4361 3,9.
1429 4280 1508 4345 In
1538 4277 1933 4346 condicionis
1964 4276 2268 4364 apodosis
2299 4283 2427 4342 est:
2464 4275 2566 4357 10,
2615 4274 2671 4354 1,
2702 4274 2803 4356 203

358 4401 512 4459 cum,
557 4379 770 4447 futuro
826 4382 1232 4452 coniunctum
1293 4385 1390 4463 12,
1450 4384 1506 4463 7,
1563 4385 1642 4464 1;
1703 4382 1804 4465 11,
1864 4382 1925 4466 2,
1976 4381 2085 4465 163
2152 4380 2244 4445 in·
2283 4377 2809 4467 responsionibus

359 4487 417 4567 7,
465 4486 524 4568 1,
568 4486 650 4550 34
696 4494 760 4552 et
802 4486 864 4571 8,
908 4487 968 4572 3,
1014 4488 1070 4554 3.

332 4654 373 4759 ‘x
