3142 5042
1473 182 1819 246 -32-

428 426 539 470 eos
584 401 989 491 potissimum
1033 404 1212 470 locos
1260 404 1541 487 afferam,
1598 404 1828 490 quibus
1873 410 2129 468 »certe«
2174 400 2465 466 similiter
2507 408 2891 488 usurpatum

412 506 696 573 ⁴videtur.
769 506 1056 572 Maxime
1100 507 1400 573 idoneum
1447 507 1810 595 exemplum
1854 506 2035 572 verbi
2082 527 2276 571 causa
2319 514 2443 571 est:

600 627 659 691 d.
709 651 809 693 or.
858 627 924 704 1,
971 627 1083 692 57:
1131 657 1157 686 »
1179 637 1241 693 et
1280 628 1575 712 profecto,
1618 629 1744 694 nisi
1773 627 1958 693 ludos
2001 647 2171 691 nunc
2198 624 2456 706 faceret,
2485 624 2635 690 huic
2662 631 2890 689 nostro

425 729 706 795 sermoni
747 730 1100 796 interesset.
1117 758 1144 788 «
1232 730 1461 798 Cicero
1507 731 1584 800 L.
1619 731 1948 813 Crassum,
1996 729 2103 816 qui
2149 750 2294 793 cum
2339 728 2480 793 aliis
2523 726 2891 792 oratoribus

432 834 621 899 claris
667 854 1028 900 sermonem
1073 833 1150 900 de
1197 843 1449 900 oratore
1490 834 1723 911 habet.
1748 856 1879 899 non
1924 831 2348 898 affirmantem
2392 830 2547 896 facit
2586 830 2676 896 M.
2715 831 2889 895 Mar-

426 937 670 1017 cellum,
728 936 855 1022 qui,
914 946 1049 1002 tum
1108 937 1273 1005 forte
1329 937 1552 1003 aedilis
1619 935 1873 1014 curuIiS‚
1940 934 2034 999 illi
2097 935 2511 1022 disputationi
2572 933 2891 999 interesse

432 1062 562 1104 non
607 1038 828 1127 potuit,
872 1061 1099 1106 revera
1143 1040 1508 1105 adfuturum
1550 1041 1784 1120 fuisse,
1842 1038 1968 1103 nisi
2010 1060 2273 1104 munere
2329 1037 2640 1103 distentus
2698 1044 2890 1112 esset,

431 1142 545 1208 sed
592 1141 869 1208 Crassus
915 1165 1033 1208 sua
1074 1143 1278 1231 ipsius
1338 1143 1652 1208 sententia
1708 1141 2030 1207 existimat
2070 1141 2238 1207 hanc
2281 1162 2427 1206 esse
2470 1138 2712 1205 Metelli
2769 1138 2888 1203 ab·

429 1245 672 1310 sentiae
717 1267 992 1312 causam.

606 1364 998 1453 Saepissime
1041 1365 1205 1431 falso
1247 1365 1632 1452 intellegitur
1662 1374 1726 1431 et
1752 1365 2131 1431 transfertur
2158 1363 2337 1430 locus
2366 1363 2473 1428 ille
2502 1359 2893 1429 clarissimus

435 1490 517 1532 ex
561 1468 928 1535 Aristotelis
975 1466 1161 1550 libro,
1210 1469 1318 1555 qui
1360 1469 1730 1534 inscribitur
1785 1471 1916 1552 περὶ
1974 1469 2348 1553 φιλοσοφίας,
2402 1465 2662 1555 petitus:
2728 1463 2785 1528 d.
2831 1461 2895 1530 d.

435 1579 588 1636 nat.
647 1573 714 1649 2,
772 1570 883 1636 95:
941 1571 1101 1636 haec
1151 1572 1267 1657 (sc.
1311 1571 1507 1637 totius
1555 1571 1778 1637 mundi
1824 1572 2334 1639 convenientiam
2379 1579 2441 1635 et
2485 1571 2888 1643 consensum)

439 1697 580 1740 cum
629 1672 933 1754 viderent,
974 1674 1250 1759 profecto
1295 1684 1358 1740 et
1401 1696 1543 1740 esse
1590 1674 1744 1741 deos
1792 1684 1855 1741 et
1912 1675 2072 1742 haec
2138 1683 2318 1739 tanta
2380 1695 2575 1762 opera
2630 1669 2893 1736 deorum

444 1799 589 1842 esse
635 1776 1109 1842 arbitrarentur.
1128 1806 1155 1835 «
1242 1776 1426 1859 Quae
1469 1780 1677 1844 verba
1722 1779 1913 1864 vulgo
1956 1779 2051 1843 ita
2094 1777 2472 1843 redduntur:
2519 1796 2743 1839 »wenn
2802 1771 2896 1837 sie

434 1879 536 1961 all’
586 1879 700 1945 das
748 1879 875 1961 (die
921 1880 1274 1946 Harmonie
1319 1881 1431 1947 der
1474 1904 1728 1969 ganzen
1770 1879 1969 1963 Welt)
2018 1880 2238 1966 sahen,
2293 1876 2673 1945 wahrlich
2717 1875 2890 1941 dann

434 1983 698 2049 wi‘irden
744 1983 837 2049 sie
881 1984 1158 2069 glauben
1203 1994 1337 2067 etc.,
1396 2007 1542 2050 cum
1609 1985 1991 2051 Aristoteles
2057 1984 2217 2050 nihil
2282 1973 2496 2049 dicere
2552 1982 2620 2045 in
2683 1979 2896 2044 animo

446 2087 684 2153 habeat
723 2086 880 2152 nisi:
928 2086 1142 2152 »dann
1184 2088 1445 2153 wi'irden
1492 2089 1586 2154 sie
1630 2090 1914 2175 gewiss
1959 2084 2250 2175 glauben.
2265 2115 2292 2143 «
2365 2086 2566 2151 Recte
2596 2083 2898 2172 explana-

434 2200 543 2255 tus
590 2199 691 2255 est
731 2189 839 2254 hic
879 2190 1059 2256 locus
1105 2190 1275 2285 apud
1318 2191 1665 2273 mmmm,
1708 2192 2077 2279 Einleitung
2119 2191 2186 2256 in
2232 2190 2334 2255 die
2379 2185 2891 2256 Geisteswissen-

440 2292 772 2361 schaften«
816 2316 876 2380 p.
924 2293 1072 2359 269.

484 2514 572 2580 bh
605 2411 809 2479 Lael.
860 2413 973 2478 50:
1050 2413 1219 2500 quod
1278 2426 1411 2480 non
1477 2415 1717 2482 faceret
1775 2417 2084 2501 profectO,
2164 2416 2220 2481 si
2285 2439 2325 2481 a
2401 2413 2662 2480 caritate
2717 2407 2893 2495 vulgi

446 2538 486 2579 a
577 2524 835 2580 orreret.

607 2636 727 2701 Br.
815 2637 961 2701 198:
1034 2637 1090 2702 si
1146 2647 1579 2723 quaereretur,
1643 2648 1784 2706 uter
1835 2649 2193 2729 praestaret
2255 2647 2496 2718 orator,
2550 2654 2901 2722 numquam

437 2737 722 2822 profecto
770 2739 1076 2827 sapientis
1119 2741 1425 2808 iudicium
1469 2766 1509 2808 a
1549 2743 1785 2809 iudicio
1831 2745 2007 2830 vulgi
2050 2744 2460 2832 discreparet.

612 2860 773 2927 Att.
807 2861 878 2924 11
903 2910 916 2939 ,
942 2861 1054 2944 10,
1088 2867 1158 2926 2:
1191 2883 1353 2950 quae
1381 2873 1597 2929 essent
1621 2865 1899 2947 profecto
1928 2864 2302 2948 crebriores»,
2334 2863 2390 2929 si
2419 2860 2570 2950 quid
2602 2858 2899 2938 habereS,

427 2954 570 3050 'quo
615 2971 875 3050 putares
919 2987 1127 3029 meam
1172 2966 1536 3032 molestiam
1577 2967 1778 3033 minui
1821 2989 2031 3055 posse.

623 3106 734 3170 ep.
794 3084 906 3165 13,
973 3085 1088 3166 21,
1145 3086 1211 3150 1:
1273 3109 1460 3172 quem
1506 3087 1563 3152 si
1619 3087 1961 3154 arbitrarer
2024 3110 2167 3153 esse
2232 3086 2512 3172 Sicyone
2574 3131 2591 3148 .
2624 3130 2641 3147 .
2673 3130 2689 3146 .
2744 3079 2906 3145 nihil

446 3194 618 3252 esset
657 3209 923 3252 necesse
955 3186 1141 3273 plura
1171 3211 1276 3254 me
1321 3190 1619 3269 scribere,
1641 3192 1977 3278 perficeret
2006 3191 2175 3256 enim
2218 3190 2357 3277 ipse
2390 3186 2667 3273 profecto
2694 3191 2767 3249 ut
2798 3232 2813 3248 .
2839 3229 2852 3246 .
2885 3230 2897 3245 .

622 3290 718 3354 ad
760 3291 876 3356 Br.
922 3290 990 3371 2,
1036 3289 1102 3368 5,
1148 3291 1217 3355 2:
1262 3289 1331 3356 id
1366 3292 1645 3376 profecto
1672 3294 1919 3360 nullum
1942 3302 2131 3375 esset,
2160 3291 2290 3358 nisi
2316 3301 2451 3357 tum
2485 3294 2894 3358 conservatus

449 3401 620 3459 esset
660 3393 997 3459 Antonius
1066 3453 1071 3459 .

622 3494 831 3577 Quin
847 3505 938 3563 ct.
985 3497 1098 3562 46:
1141 3498 1439 3582 profecta
1499 3499 1555 3564 si
1601 3498 1751 3585 quid
1797 3498 2149 3577 deberetur,
2192 3506 2453 3584 peteret.

620 3597 841 3664 Verr.
892 3623 944 3665 a.
990 3623 1097 3688 pr.
1151 3601 1221 3665 9:
1272 3600 1443 3687 quod
1474 3601 1530 3668 si
1568 3652 1584 3666 .
1620 3654 1637 3671 .
1671 3652 1685 3666 .
1728 3603 1796 3667 in
1842 3602 2107 3668 alicuius
2150 3599 2511 3688 eloquentia
2551 3608 2663 3663 aut
2701 3591 2905 3682 gratia

452 3723 635 3788 spem
681 3701 960 3787 aliquam
1018 3702 1420 3770 conlocasset
1435 3755 1451 3786 ,
1514 3705 1793 3791 profecto
1856 3730 1988 3771 non
2051 3704 2212 3770 haec
2280 3702 2495 3769 omnia
2559 3699 2908 3784 conligeret

452 3814 642 3891 atque
687 3814 1126 3892 aucuparetur.

622 3908 879 3976 Flacc.
927 3909 1040 3976 931
1084 3910 1195 3996 qui
1233 3910 1510 3995 profecto
1555 3912 1635 3979 de
1678 3921 1856 3979 tanta
1898 3911 2171 3999 pecunia
2214 3910 2273 3975 si
2316 3915 2488 3975 esset
2542 3907 2711 3987 data,
2746 3900 2908 3968 nihil

452 4012 711 4079 audisse
752 4033 884 4077 non
926 4021 1164 4100 posset.

627 4115 686 4180 d.
729 4115 951 4181 domo
994 4117 1106 4181 88:
1147 4139 1224 4182 ac
1247 4117 1303 4182 si
1332 4139 1436 4183 me
1465 4120 1739 4207 populus
1752 4118 2082 4184 Romanus
2111 4140 2193 4184 ex
2219 4115 2480 4184 civitate
2510 4111 2806 4180 eiecisset
2828 4157 2843 4172 .
2871 4157 2905 4191 .,

452 4229 670 4285 tamen
699 4219 987 4300 profecto
1029 4241 1218 4285 nemo
1263 4228 1396 4285 tam
1440 4231 1613 4288 esset
1655 4244 1876 4287 amens
1920 4274 1933 4288 .
1966 4271 1981 4286 .
2012 4273 2027 4287 .

628 4322 686 4387 d.
741 4321 1057 4408 harusp.
1101 4345 1299 4411 resp.
1341 4323 1455 4391 57:
1528 4325 1762 4391 etenim
1810 4326 1867 4390 si
1911 4347 2110 4390 unum
2143 4322 2468 4391 hominem
2497 4316 2908 4386 deterrimum

451 4434 650 4515 *poeta
679 4477 691 4492 .
724 4472 739 4490 .
772 4473 788 4491 .
818 4424 1013 4491 vellet
1037 4424 1356 4505 inducere,
1385 4428 1630 4493 nullum
1656 4429 1935 4512 profecto
1964 4427 2240 4493 dedecus
2270 4424 2552 4513 reperire
2573 4429 2812 4517 posset,
2829 4470 2843 4486 .
2863 4468 2909 4485 ..
