3142 5042
1405 214 1752 283 ...51—

352 451 839 524 condicionibus
884 445 1177 515 inveniri.
1269 443 1401 526 Qui
1443 457 1599 509 usus
1644 464 1772 507 non
1818 449 1949 506 tam
1996 439 2080 505 ad
2109 435 2457 528 particulae
2487 434 2816 502 notionem

347 557 806 627 enucleandam
861 552 1153 643 pertinet,
1210 572 1403 635 quam
1461 547 1542 613 ad
1596 546 1848 612 illarum
1909 542 2364 615 sententiarum
2418 563 2642 608 veram
2683 539 2816 605 vim

344 654 886 752 potestatemque3
976 663 1127 721 sunt
1191 652 1361 720 enim
1449 650 1611 716 adeo
1683 673 1815 714 non
1886 647 2185 736 propriae
2251 643 2680 725 condicioneS,
2745 651 2817 707 ut

356 765 655 834 oratoriis
721 759 1112 829 ornamentis
1176 755 1440 824 remotis
1501 776 1718 820 merae
1791 750 2080 818 causales
2154 749 2283 816 sint
2351 746 2618 835 periodi.
2736 746 2816 812 In

348 866 715 935 causalibus
758 886 914 931 vero
960 860 1302 929 enuntiatis
1338 858 1621 944 profecto
1666 854 2045 943 saepissime
2088 861 2153 919 et
2193 853 2262 918 in
2306 849 2592 940 epistulis
2638 856 2702 916 et
2746 848 2814 914 in

347 969 796 1060 philosophiae
836 966 1019 1033 libris
1064 971 1423 1052 usurpatur.
1471 997 1550 1009 --
1599 958 1731 1028 Sed
1773 959 1934 1025 haec
1975 957 2315 1024 hactenus!

520 1090 843 1171 Quoniam
906 1095 1108 1154 totam
1169 1084 1248 1151 de
1311 1104 1432 1148 usu
1475 1079 1900 1149 Ciceroniauo
1965 1075 2407 1166 quaestionem
2472 1073 2558 1171 ad⁴
2616 1073 2809 1139 finem

347 1194 781 1280 perduximuS‚
825 1215 957 1258 non
1001 1191 1117 1256 abs
1160 1211 1231 1254 re
1278 1208 1420 1253 esse
1463 1183 1772 1256 videatur,
1831 1205 1996 1269 quae
2055 1181 2265 1247 adhuc
2307 1178 2813 1266 explanavimus,

342 1298 626 1364 breviter
668 1295 1029 1379 complecti:

525 1416 736 1497 Quam
808 1412 1338 1502 significationem
1405 1404 1719 1496 particula
1773 1405 2058 1491 profecto
2115 1413 2339 1469 contra
2396 1400 2819 1489 etymologiae

351 1521 634 1587 rationes
727 1517 1037 1606 paulatim
1126 1513 1418 1591 induerit,
1504 1510 1880 1598 planissime
1958 1504 2236 1575 ostendit
2333 1505 2818 1571 Priscianus

349 1622 820 1711 grammaticus»,
873 1644 1018 1687 cum
1062 1641 1205 1685 eam
1247 1641 1377 1682 non
1422 1614 1750 1703 particulis
1803 1640 1831 1673 »
1844 1606 1972 1679 cer
1985 1620 2073 1692 te,
2119 1610 2163 1675 h
2178 1633 2212 1675 e
2229 1634 2262 1674 r
2278 1632 2314 1676 c
2329 1633 2372 1674 u
2390 1609 2413 1673 l
2429 1631 2481 1691 e,
2526 1630 2562 1673 e
2578 1606 2619 1672 d
2636 1631 2669 1671 e
2683 1631 2723 1695 p
2743 1605 2818 1672 ol

349 1735 496 1792 etc.«
530 1733 857 1811 exaequat,
903 1724 1017 1790 sed
1042 1745 1186 1788 cum
1218 1744 1301 1785 »n
1316 1743 1482 1805 emp
1501 1741 1552 1800 e,
1599 1715 2001 1798 videlicet,
2046 1736 2078 1781 s
2094 1713 2232 1779 cili
2255 1736 2290 1778 c
2305 1721 2418 1779 et«
2474 1718 2819 1797 comparat,

352 1853 513 1917 quae
559 1829 712 1915 quin
759 1826 1150 1893 subiectivae
1197 1823 1326 1889 sint
1367 1820 1723 1909 potestat-iS,
1768 1843 1898 1884 non
1944 1826 2042 1884 est
2087 1817 2359 1883 dubium.

514 1950 619 2015 Ex
673 1949 794 2014 hac
865 1946 1206 2035 perspicua
1258 1952 1448 2030 atque
1502 1941 1741 2030 'aperta
1811 1940 2070 2005 notione
2133 1945 2478 2025 usurpatur
2527 1936 2810 2022 profecto

338 2054 469 2120 hoc
512 2051 733 2121 modo:
1622 2052 1628 2059 '

515 2195 575 2238 a.
625 2172 978 2259 Praecipue
999 2169 1399 2256 coniungitur
1429 2166 1670 2233 alteri
1698 2163 1943 2231 tertia
1963 2186 2159 2251 eque
2204 2185 2343 2228 cum
2368 2158 2816 2249 praesentis

344 2288 488 2343 tum
531 2276 714 2341 futu
729 2275 793 2340 ri
841 2296 1172 2362 personae,
1203 2281 1274 2336 ut
1306 2270 1588 2358 opinatio
1620 2269 1725 2336 vel
1754 2268 2116 2334 coniectura
2160 2265 2238 2330 de
2283 2264 2541 2330 alterius
2588 2261 2817 2348 agendi

351 2379 604 2447 ratione
685 2377 1092 2465 significetur,
1184 2384 1248 2441 et
1312 2395 1513 2461 paene
1600 2371 1772 2437 idem
1859 2370 2031 2436 valet
2116 2367 2285 2458 quod
2374 2366 2816 2432 coniunctivus

342 2482 714 2572 potentialis
763 2480 861 2569 (ἄν
909 2502 961 2546 c.
1006 2477 1180 2566 opt).

527 2619 582 2684 b.
631 2626 968 2705 usurpatur
1021 2615 1334 2703 particula
1387 2637 1518 2679 non
1562 2612 1689 2678 nisi
1731 2612 1799 2677 in
1841 2610 2164 2700 primariis
2211 2596 2540 2677 sententiis
2584 2607 2775 2698 idque

655 2721 711 2789 1.
757 2720 825 2785 in
872 2719 1318 2786 condicionum
1362 2726 1426 2782 et
1468 2716 1737 2782 realium
1782 2724 1845 2782 et
1886 2714 2214 2785 irrealium
2259 2712 2547 2802 apodosi.

657 2824 716 2889 2.
762 2824 832 2888 in
878 2821 1148 2911 apodosi
1191 2821 1543 2888 causalium
1589 2818 2095 2886 enuntiationum
2144 2818 2244 2885 vel
2286 2818 2354 2882 in
2393 2817 2551 2909 ipsis
2584 2813 2814 2898 causis,

754 2948 919 3012 quae
964 2924 1223 3011 quidem
1268 2923 1398 2989 sint
1440 2921 1800 3010 primariae.

653 3031 709 3095 3.
755 3030 824 3096 in
868 3028 1155 3097 relativis
1202 3027 1567 3111 enuntiatiS,
1613 3047 1776 3113 quae
1820 3023 2221 3112 parenthesis
2264 3025 2407 3091 loco
2455 3039 2619 3090 sunt.

518 3146 850 3216 Postremo
913 3148 1328 3237 negationum
1393 3169 1548 3214 usus
1621 3157 1685 3215 et
1739 3146 2203 3216 coniunctionis
2262 3145 2455 3214 »sed«
2532 3167 2815 3213 comme-

339 3249 695 3315 morandus
741 3262 853 3316 est.
942 3251 1075 3334 Qui
1105 3250 1187 3317 ad
1218 3279 1245 3309 »
1263 3262 1472 3318 certe«
1508 3251 1887 3340 particulam
1916 3250 2208 3338 proxime
2238 3249 2482 3321 accedit
2525 3259 2629 3318 est
2660 3271 2809 3319 usus

338 3353 523 3420 velut
562 3354 628 3418 in
686 3356 1209 3442 responsionibus
1255 3364 1319 3421 et
1363 3353 1946 3443 comparationibus
1993 3364 2057 3420 et
2113 3354 2284 3442 apud
2338 3355 2609 3422 verbum
2653 3353 2805 3419 sub·

337 3457 711 3540 stantivum,
754 3479 910 3544 prae
954 3458 1178 3525 ceteris
1224 3467 1490 3545 anguste
1535 3464 1875 3524 coercetur.

519 3559 671 3628 Hac
723 3559 919 3626 totius
976 3562 1366 3649 quaestionis
1424 3561 1808 3648 gravissima
1872 3571 2072 3648 parte,
2135 3582 2260 3647 qua
2320 3558 2815 3629 Ciceronianum

342 3686 536 3730 usum
610 3662 993 3731 adumbrare
1057 3664 1469 3749 instituimuS,
1549 3663 1844 3731 absoluta
1887 3664 2099 3730 facere
2158 3687 2288 3729 non
2333 3684 2601 3750 possum
2659 3663 2812 3750 quin

339 3790 491 3835 eum
542 3768 751 3835 virum
808 3790 1320 3847 commemorem,
1381 3768 1488 3854 qui
1563 3768 1806 3856 primus
1883 3791 1961 3834 ex
2019 3765 2483 3834 recentioribus
2558 3767 2813 3850 criticiS,

339 3878 655 3960 quantum
721 3892 839 3957 ego
908 3870 1164 3959 quidem
1231 3871 1384 3950 scic,
1450 3879 1692 3954 rectam
1755 3870 1932 3937 illam
1989 3894 2028 3937 a
2083 3870 2442 3944 Mummio,
2504 3871 2809 3957 magistro

338 3972 701 4055 carissime,
768 3983 1169 4061 perspectam
1242 3973 1771 4063 significationem
1824 3976 2102 4061 profecto
2177 3973 2521 4063 particulae
2578 3973 2812 4040 diserte

338 4075 806 4164 comprobavit,
852 4077 1200 4145 GUSTAVUM
1241 4079 1607 4156 LANDGRAF5
1671 4078 1935 4144 adnotat
1978 4079 2147 4145 enim
2190 4077 2257 4143 in
2304 4075 2635 4145 Ciceronis
2683 4060 2808 4164 ’pro

332 4183 453 4251 Ro
470 4179 639 4244 scio
664 4180 1047 4248 Amerino
1073 4182 1380 4249 orationis
1407 4183 1862 4248 commentario
1882 4206 1941 4270 p.
1976 4181 2098 4247 194
2118 4180 2310 4247 haec:
2338 4179 2563 4268 Gegen
2592 4182 2810 4247 Amos

333 4283 473 4354 und
563 4281 891 4369 chnmr,
978 4284 1081 4350 die
1142 4284 1428 4367 profecto
1502 4285 1597 4349 als
1655 4284 2436 4375 Versicherungspartikel
2511 4285 2809 4369 ansehen,

330 4386 596 4458 wendet
651 4387 788 4455 sich
843 4388 907 4455 G.
966 4388 1035 4456 F.
1082 4387 1187 4455 W.
1235 4387 1539 4454 MUELLER
1590 4388 1672 4454 im
1717 4389 2146 4457 Kommentar
2183 4412 2327 4457 zum
2370 4388 2630 4454 Laelius
2675 4388 2811 4455 mit

331 4488 610 4564 Recht.
