3142 5042
1377 221 1720 286 ..44—

324 440 447 505 mir
490 438 744 507 ahnlich
788 442 1000 508 ware?
1047 443 1162 509 das
1207 443 1386 510 wirst
1428 445 1514 511 du
1560 443 1726 511 doch
1769 444 2001 531 gewiss
2045 443 2223 510 nicht
2268 442 2561 526 glauben.
2640 443 2782 510 Nos

326 543 722 630 saepissime,
776 552 849 609 ut
901 544 1265 613 coniectura
1308 546 1462 633 quid
1504 548 1899 634 colligamus,
1943 547 2180 613 utimur
2221 546 2435 612 futuro
2480 555 2785 633 tempore,

325 669 456 712 non
498 646 687 712 aliter
723 645 917 714 homo
962 648 1230 716 Latinus
1276 650 1591 737 particula
1621 651 1924 736 profecto.

498 748 558 816 d.
620 749 909 816 invent.
978 751 1034 828 1,
1103 752 1218 817 56:
1285 752 1559 840 populus
1626 753 1968 820 Thebanus
2031 753 2099 819 id
2170 706 2528 843 patieturne
2600 751 2783 818 fieri?

324 851 611 936 Profecto
653 875 784 918 non
825 853 1102 940 patietur
1144 889 1230 901 —
1273 857 1505 941 gewiss
1549 855 1710 922 wird
1753 878 1822 922 es
1869 856 1984 923 das
2028 856 2206 923 nicht
2248 856 2556 943 zugeben.

497 953 798 1022 Cornif.
863 956 924 1040 4,
985 957 1101 1025 23:
1170 966 1237 1025 at
1291 958 1400 1025 ille
1454 959 1513 1025 si
1555 959 1837 1043 vicisset,
1891 983 2048 1027 num
2088 960 2263 1026 idem
2304 959 2604 1026 fecisset?
2649 982 2786 1025 non

315 1057 599 1143 profecto
641 1058 897 1145 sapiens
940 1059 1185 1127 fuisset.

498 1160 947 1264 ‘istiu-,3432
972 1163 1197 1230 Tusc.
1233 1165 1295 1248 1,
1318 1166 1432 1247 65,
1463 1165 1678 1233 d.0ff.
1724 1167 1783 1249 3,
1830 1167 1947 1249 81,
1991 1166 2261 1256 parad.
2308 1166 2366 1251 6,
2409 1165 2525 1248 48,
2572 1163 2631 1229 ἃ.
2679 1187 2788 1230 or.

329 1263 384 1347 1,
427 1226 550 1346 503
585 1266 703 1331 Br.
759 1266 902 1343 1863
949 1266 1128 1333 Tim.
1179 1268 1277 1352 11,
1322 1269 1432 1346 12,

490 1363 684 1431 Hanc
724 1366 1110 1435 rhetoricam
1152 1318 1470 1455 figuram
1451 1394 1518 1437 1n
1550 1372 1943 1440 orationibus
1975 1373 2166 1460 vulgo
2201 1394 2344 1440 esse
2374 1371 2787 1461 manifestum

324 1474 436 1545 est;
482 1466 775 1534 conferas
822 1470 1042 1537 velim:

494 1569 696 1637 Verr.
720 1572 780 1656 4,
808 1573 912 1653 153
941 1573 1138 1643 Sest.
1164 1576 1278 1655 43;
1301 1577 1513 1647 Balb.
1542 1578 1644 1661 163
1667 1578 1783 1657 45;
1808 1579 1960 1646 Mil.
1987 1580 2097 1657 313
2142 1578 2335 1645 Phil.
2360 1579 2420 1661 2,
2462 1578 2532 1655 2;
2562 1577 2659 1661 14,
2685 1574 2787 1639 23.

494 1673 699 1740 Multo
752 1677 958 1763 magis
1019 1679 1102 1747 ad
1159 1680 1585 1768 antiquiorem
1631 1682 1878 1749 accedit
1922 1682 2384 1751 Ciceronianus
2429 1703 2600 1764 usus,
2644 1702 2793 1746 cum

324 1775 638 1859 »profecto
651 1805 679 1834 «
744 1780 995 1847 additur
1061 1783 1261 1850 verbo
1331 1785 1752 1870 substantivo,
1817 1795 1888 1851 ut
1953 1786 2132 1851 aiunt
2196 1783 2613 1871 grammatici,
2667 1804 2791 1848 nec

322 1887 533 1964 potest
586 1884 824 1969 negari,
881 1885 938 1950 si
990 1885 1179 1952 modo
1237 1887 1488 1975 uspiam
1540 1889 1892 1976 particulae
1933 1889 2216 1975 profecto
2261 1886 2625 1954 obtestandi
2669 1885 2776 1952 vel

327 1983 740 2050 asseverandi
784 1987 883 2053 vis
927 1997 1201 2074 notatur,
1236 1990 1341 2057 hic
1382 1990 1686 2059 facillime
1729 2014 1924 2081 posse
1967 1991 2123 2058 fieri.

497 2083 726 2153 Tusc.
772 2090 830 2173 3,
874 2090 944 2156 6:
991 2102 1091 2158 est
1122 2094 1406 2179 profecto
1451 2094 1649 2160 animi
1690 2095 2026 2179 medicina,
2067 2092 2493 2183 philosophia.

498 2188 556 2252 d.
604 2190 748 2257 div.
799 2193 853 2275 1,
899 2194 1012 2260 47:
1060 2207 1159 2262 est
1190 2197 1473 2282 profecto
1500 2197 1809 2284 quiddam
1839 2198 2031 2264 etiam
2059 2198 2127 2263 in
2154 2196 2447 2263 barbaris
2484 2195 2779 2282 gentibus

325 2294 765 2378 praesentiens
811 2306 1001 2384 atque
1049 2299 1362 2368 divinans,

497 2394 661 2464 Cat.
726 2423 809 2463 m.
875 2401 994 2466 43:
1063 2404 1174 2490 qui
1232 2426 1379 2470 cum
1435 2427 1516 2469 ex
1568 2426 1688 2469 sua
1740 2403 1876 2469 vita
1928 2412 2064 2469 tum
2122 2425 2202 2469 ex
2250 2402 2387 2468 eius
2433 2451 2446 2464 .
2495 2451 2509 2465 .
2553 2450 2570 2465 .
2614 2401 2775 2466 facto

324 2496 692 2567 iudicabant
732 2525 871 2569 esse
889 2506 1172 2590 profecto
1202 2507 1443 2594 aliquid
1481 2516 1712 2574 natura
1755 2507 2084 2595 pulchrum
2129 2515 2318 2593 atque
2361 2505 2782 2593 praeclarum.

496 2604 656 2670 Att.
718 2607 815 2690 10,
869 2607 930 2691 4,
1001 2609 1110 2675 11:
1179 2619 1277 2677 est
1319 2611 1604 2696 profecto
1655 2610 1874 2677 nescio
1934 2609 2114 2699 quid;
2172 2607 2287 2675 sed
2333 2609 2541 2692 velim,
2596 2630 2788 2696 quam

327 2729 679 2775 mmimum.

498 2810 659 2879 Mil.
705 2812 863 2880 331:
905 2839 1037 2883 non
1079 2816 1200 2883 fuit
1243 2841 1320 2884 ea
1364 2841 1577 2900 causa,
1619 2817 1881 2900 iudices,
1914 2817 2198 2902 profecto
2239 2840 2371 2882 non
2412 2815 2549 2881 fuit.

498 2914 960 3002 ‹denatz
1008 2920 1117 2999 16,
1162 2921 1463 3004 Att12,
1510 2922 1565 3003 1,
1609 2922 1680 2998 2,
1726 2920 2004 3009 d.imp.
2049 2921 2153 2986 47.

327 3120 399 3185 111
479 3018 659 3186 dMil.
705 3021 816 3085 69:
863 3022 999 3107 erit,
1045 3024 1166 3090 erit
1204 3023 1361 3091 illud
1380 3024 1665 3108 profecto
1697 3033 1950 3161 tempus
1982 3033 2045 3090 et
2071 3023 2398 3091 illucescet
2440 3019 2788 3111 aliquando

400 3144 435 3188 e
521 3145 635 3207 ies,
679 3146 826 3190 cum
869 3173 883 3189 .
929 3173 943 3189 .
988 3173 1005 3191 .

412 3225 545 3292 Hic
584 3250 851 3295 numero
895 3230 1057 3296 tales
1102 3253 1355 3321 quoque
1394 3231 1786 3299 locutiones.

497 3332 798 3416 »profecto
824 3332 916 3397 ita
944 3342 1079 3400 est«
1120 3336 1181 3400 d.
1224 3335 1359 3420 leg.
1408 3335 1467 3417 2,
1497 3335 1612 3412 403
1656 3335 1814 3399 Att.
1875 3334 1972 3417 12,
2028 3334 2086 3416 3,
2148 3333 2213 3415 13
2271 3354 2378 3419 ep.
2428 3333 2526 3415 11,
2570 3332 2668 3415 14,
2716 3333 2785 3412 13

331 3434 559 3501 Rosc.
609 3436 768 3513 121;
821 3435 1080 3503 Flacc.
1133 3438 1234 3503 53.

501 3527 938 3625 »sicprofeoto
967 3563 1037 3608 se
1065 3564 1171 3609 res
1213 3543 1446 3609 habet«
1507 3541 1565 3606 d.
1623 3539 1848 3606 divin.
1908 3541 1962 3623 1,
2005 3541 2118 3618 23;
2166 3539 2226 3605 d.
2276 3540 2379 3605 or.'
2422 3540 2480 3623 2,
2524 3537 2681 3618 271,
2728 3537 2785 3602 d.

330 3639 402 3705 le
418 3668 476 3730 g.
525 3642 580 3725 1,
625 3643 730 3709 58.

502 3747 651 3813 Hac
693 3747 846 3813 data
888 3749 1224 3817 occasione
1255 3749 1672 3815 admonemus
1702 3747 2083 3835 aliquotiens
2110 3744 2180 3812 in
2202 3742 2790 3834 comparationibus

332 3850 628 3939 usurpari
678 3851 985 3937 profecto,
1041 3876 1173 3919 non
1227 3874 1353 3939 quo
1397 3851 1504 3918 hic
1547 3872 1702 3916 usus
1746 3851 2131 3939 permultum
2174 3849 2261 3915 ad
2301 3849 2469 3915 hanc
2513 3846 2787 3935 quaesti-

333 3976 522 4022 onem
565 3953 896 4041 pertineat,
940 3955 1055 4020 sed
1101 3964 1169 4024 ut
1209 3977 1347 4022 rem
1391 3955 1579 4043 plene
1623 3953 2069 4039 cumulateque
2112 3952 2539 4038 perficiamus.

503 4055 561 4121 d.
628 4080 725 4122 or.
794 4058 849 4143 1,
916 4059 1026 4124 13:
1090 4058 1159 4125 in
1226 4057 1350 4125 hac
1419 4058 1564 4146 ipsa
1636 4056 1895 4124 civitate
1927 4055 2213 4141 profecto
2255 4055 2431 4121 nulla
2474 4076 2784 4141 umquam

334 4160 770 4226 vehementius
815 4182 1009 4248 quam
1052 4161 1449 4245 eloquentiae
1493 4160 1705 4226 studia
1748 4159 2106 4246 viguerunt.

503 4263 721 4329 Tusc.
762 4264 793 4328 1
815 4314 832 4345 ‚
877 4264 992 4330 94:
1036 4264 1195 4332 nihil
1238 4265 1408 4332 enim
1438 4274 1537 4332 est
1568 4263 1852 4350 profecto
1880 4262 2125 4329 homini
2152 4261 2491 4352 prudentia
2516 4260 2786 4327 dulcius.

466 4367 725 4433 ‘Tusa
791 4369 863 4450 4,
932 4369 1047 4452 753
1115 4369 1176 4435 d.
1241 4371 1544 4435 invent.
1614 4368 1682 4445 1,
1727 4367 1843 4450 263
1920 4366 2139 4435 acad.
2187 4367 2260 4449 2,
2310 4365 2468 4447 143,
2538 4364 2599 4431 d.
2643 4364 2788 4450 leg.

339 4477 408 4551 1,
461 4473 576 4551 28,
635 4492 747 4558 ep.
795 4475 870 4555 7,
918 4474 1031 4557 10,
1078 4473 1138 4538 1.
1220 4560 1226 4567 ⁴
