3142 5042
1336 226 1678 294 ...Βὶ-.-

293 448 779 517 condicionibus
875 459 1250 537 usurpatum
1326 460 1549 516 contra
1597 452 1821 529 -dicat,
1891 452 2193 517 facillime
2269 473 2340 516 re
2414 450 2746 538 diligenter

286 554 664 620 examinata
704 552 1033 637 intelleget
1082 551 1187 618 hic
1243 575 1496 640 quoque
1549 554 1738 634 illud,
1797 555 2089 642 quamvis
2147 553 2379 619 subtile
2433 565 2745 644 tenueque

285 657 633 725 discrimen
701 677 844 721 esse
900 655 1262 721 tenendum.
1361 656 1512 722 Huc
1578 657 1853 739 accedit,
1922 657 2093 744 quod
2157 666 2516 744 temporum
2590 681 2746 724 usus

282 759 458 848 apud
490 759 777 840 profecto
823 766 923 823 est
963 766 1096 823 tam
1139 758 1479 846 peculiaris
1525 772 1756 847 (praes,
1815 769 1880 826 et
1934 759 2092 846 perf.
2160 761 2271 825 vix
2334 760 2564 843 vicieS,
2632 762 2743 831 fut.

278 863 432 950 plus
480 859 912 948 quadragies),
957 868 1028 925 ut
1068 861 1431 948 promiscue
1476 862 1620 928 illas
1664 863 2010 951 particulas
2063 887 2208 931 esse
2253 864 2570 933 adhibitas
2614 887 2746 931 non

276 965 489 1052 possit
538 964 682 1033 dici.

454 1067 645 1133 Nunc
689 1077 1038 1154 sequuntur
1081 1068 1224 1149 loci,
1268 1068 1644 1155 paucissimi
1690 1090 1863 1151 sane,
1896 1070 2007 1155 qui
2043 1092 2230 1141 usum
2275 1070 2443 1158 apud
2489 1079 2744 1136 »certe«

285 1172 768 1241 usitatissimum
812 1171 1136 1257 praebent.

457 1277 559 1340 Ac
623 1296 705 1338 ne
758 1273 870 1351 illi,
936 1274 1125 1361 pauci
1170 1273 1427 1359 quidem
1491 1274 1646 1353 loci,
1716 1298 1909 1361 quam
1976 1299 2339 1364 supremam
2408 1276 2744 1345 statuimus

294 1378 516 1463 legem,
564 1377 924 1445 disturbare
970 1376 1327 1459 videantur,
1373 1400 1614 1465 paucos
1662 1379 2070 1467 explicemus.

459 1478 652 1561 Quod
696 1480 877 1545 verbi
924 1502 1119 1545 causa
1166 1478 1318 1545 dicit
1363 1478 1593 1547 Cicero
1641 1479 1778 1567 (ep.
1831 1482 1939 1560 15,
1984 1482 2054 1560 4,
2104 1481 2216 1566 13)
2265 1482 2744 1571 »siquisquam

282 1584 401 1650 fuit
446 1606 745 1670 umquam
789 1592 1071 1649 remotus
1119 1632 1134 1650 .
1166 1630 1181 1649 .
1213 1627 1226 1641 ·
1283 1583 1365 1649 ab
1408 1584 1585 1649 inani
1627 1584 1849 1667 laude,
1913 1607 2030 1670 ego
2078 1585 2364 1666 profecto
2420 1587 2477 1651 is
2539 1609 2742 1669 sum«,

288 1686 430 1773 quis
490 1697 587 1752 est
638 1687 748 1774 qui
803 1687 1086 1773 ignoret,
1144 1711 1335 1776 quam
1405 1686 1740 1753 commode
1806 1696 2077 1777 apteque
2143 1688 2250 1754 hic
2315 1689 2597 1778 positum
2662 1690 2747 1756 sit

286 1791 605 1873 profecto?
718 1788 1060 1870 Quodcum
1105 1790 1228 1856 hac
1269 1790 1464 1856 utitur
1536 1790 1879 1878 particula,
1948 1792 2420 1877 quodammodo
2483 1792 2743 1858 alterius

294 1895 551 1961 arbitrio
608 1893 912 1959 iudicium
958 1894 1323 1983 permittere
1366 1894 1503 1960 vult
1534 1893 1796 1975 Cicer03
1843 1894 1945 1959 sin
1975 1905 2186 1960 autem
2217 1894 2484 1961 diceret:
2532 1906 2744 1961 »certe

289 1998 343 2063 is
382 2021 602 2079 sum«,
648 1998 839 2065 nimis
885 1997 1305 2064 verecundiae
1349 1995 1830 2084 modestiaeque
1873 1998 2034 2065 fines
2079 1999 2398 2066 transiret.

453 2102 756 2169 Similiter
797 2098 1122 2166 iudicandi
1168 2109 1315 2165 sunt
1357 2099 1553 2166 ceteri
1598 2099 1753 2165 loci:

450 2205 583 2271 fin.
635 2204 706 2286 5,
754 2205 865 2271 78:
920 2205 976 2268 si
1020 2212 1119 2269 est
1162 2204 1518 2292 quisquam,
1560 2202 1670 2293 qui
1706 2212 1890 2278 acute
1918 2204 1987 2270 in
2027 2204 2238 2270 causis
2271 2204 2488 2270 videre
2520 2205 2740 2282 soleat,

288 2307 342 2371 is
387 2330 454 2373 es
486 2309 770 2390 profecto
813 2315 901 2372 tu.

457 2412 589 2478 off.
637 2414 669 2475 1
690 2462 705 2488 ,
759 2410 912 2475 111:
960 2408 1017 2475 si
1060 2409 1399 2497 quisquam
1429 2419 1528 2476 est
1563 2409 1885 2486 decorum,
1915 2408 2075 2474 nihil
2105 2417 2205 2474 est
2222 2410 2506 2492 profecto
2536 2410 2741 2496 magis

293 2534 481 2597 quam
525 2514 960 2599 aequabilitas„

457 2616 577 2681 Br.
628 2617 694 2680 7:
740 2616 967 2702 quodsi
1009 2616 1131 2681 fuit
1173 2616 1239 2680 in
1281 2616 1612 2703 republica
1640 2625 1891 2703 tempus
1937 2616 2153 2694 ullum,
2186 2638 2326 2681 cum
2363 2625 2741 2704 extorquere

293 2739 475 2783 arma
517 2739 711 2806 posse
782 2742 816 2783 e
858 2719 1152 2784 manibus
1201 2770 1216 2787 .
1253 2770 1268 2787 .
1303 2768 1317 2783 .
1368 2719 1592 2801 oratio,
1637 2728 1771 2783 tum
1809 2717 2094 2799 profecto
2135 2710 2275 2802 fuit,
2319 2742 2465 2785 cum
2508 2771 2565 2786 ..
2597 2769 2610 2782 .

458 2838 993 2905 Commodissime
1037 2836 1492 2925 adiunguntur:

454 2942 612 3008 Mil.
677 2942 751 3012 4:
822 2966 974 3009 nam
1052 2943 1108 3008 si
1172 2966 1479 3031 umquam
1558 2942 1638 3007 de
1695 2941 1881 3008 bonis
1941 2951 2005 3006 et
2067 2941 2339 3007 fortibus
2398 2941 2552 3008 viris
2614 2991 2680 3009 ..

293 3055 565 3135 potestas
597 3047 783 3112 vobis
823 3046 1149 3113 iudicandi
1176 3046 1315 3128 fuit,
1352 3046 1475 3111 hoc
1508 3045 1798 3130 profecto
1843 3053 2129 3131 tempore
2174 3067 2316 3110 eam
2358 3053 2739 3132 potestatem

292 3147 552 3215 habetis.

318 3281 327 3291 ⁶
453 3294 566 3358 ep.
616 3272 727 3351 13,
773 3270 888 3353 49,
939 3271 1010 3336 1:
1055 3270 1111 3335 is
1157 3293 1301 3335 cum
1347 3279 1536 3334 antea
1582 3319 1596 3333 .
1634 3320 1647 3333 .
1684 3320 1695 3331 .
1744 3270 2182 3334 auctoritatem
2213 3268 2377 3333 tueri
2403 3268 2739 3348 consuerit,

280 3397 444 3440 nunc
481 3374 765 3459 profecto
814 3424 825 3436 .
860 3422 876 3440 .
909 3424 923 3438 .
968 3374 1129 3440 meis
1171 3373 1399 3439 litteris
1446 3372 1703 3459 assequi
1749 3371 1954 3439 debet.

443 3493 590 3576 Ωιι.
624 3495 714 3559 fr.
743 3496 767 3556 1
799 3545 811 3574 ,
847 3497 878 3559 1
902 3546 918 3574 ,
955 3496 1068 3559 29:
1115 3494 1287 3583 quod
1314 3493 1590 3560 fortasse
1614 3491 1954 3580 aliquando
1986 3491 2324 3557 universae
2352 3491 2739 3579 reipublicae

276 3608 557 3681 nostrae,
602 3621 773 3664 nunc
816 3599 1075 3687 quidem
1117 3598 1398 3683 profecto
1442 3596 1550 3662 isti
1593 3595 1966 3683 provinciae
2011 3593 2297 3679 contigit,
2344 3602 2414 3658 ut
2458 3643 2473 3658 .
2506 3643 2566 3659 ..

966 3737 1028 3803 b.
1098 3734 1620 3803 condiciones
1684 3733 2049 3799 irreales.

433 3857 541 3925 Ut.
587 3878 627 3921 a
671 3865 846 3921 certa
890 3857 1140 3924 ratione
1184 3856 1685 3944 proficiscamur,
1730 3876 1918 3935 nunc,
1949 3859 2388 3938 posteaquam,
2412 3853 2734 3939 quomodo

271 3957 333 4025 in
374 3959 670 4027 realibus
717 3959 1202 4026 condicionibus
1260 3969 1326 4025 et
1367 3960 1595 4025 ceteris
1655 3958 1723 4023 id
1788 3977 1990 4043 genus
2042 3953 2325 4039 profecto
2380 3964 2738 4050 usurpetur,

277 4061 863 4151 comprobavimuS,
911 4063 992 4129 de
1035 4062 1370 4129 irrealibus
1432 4061 1766 4129 sententiis
1826 4060 2026 4127 verba
2089 4056 2354 4140 faciam3
2412 4059 2522 4145 qui
2582 4081 2734 4124 usus

270 4167 579 4250 quoniam
634 4164 948 4232 latissime
1004 4176 1198 4254 patet,
1267 4164 1525 4231 uberius
1594 4160 2041 4250 copiosiusque
2109 4162 2210 4226 est
2275 4160 2733 4250 explanandus.

270 4266 342 4335 Si
385 4270 516 4334 ullo
561 4267 727 4349 loc0‚
774 4276 945 4334 certe
988 4269 1114 4335 hoc
1146 4271 1432 4334 maxime
1487 4264 1914 4354 cognoscitur,
1981 4286 2145 4351 quac
2211 4264 2296 4330 sit
2360 4287 2516 4331 vera
2569 4264 2734 4330 inte·-

264 4394 511 4460 graque
552 4369 834 4456 profecto
878 4372 1230 4459 particulae
1274 4382 1580 4460 potestas,
1666 4369 1792 4435 Sed
1834 4367 2351 4455 quandoquidem
2406 4375 2589 4432 vetus
2637 4376 2735 4433 est

269 4474 508 4564 similia
553 4496 636 4539 ex
678 4474 999 4542 similibus
1043 4475 1344 4541 facillime
1386 4473 1687 4563 perspici,
1717 4471 2101 4557 ubicumque
2128 4494 2262 4536 non
2282 4469 2560 4536 alienum
2592 4469 2731 4554 erit,
