<?xml version="1.0" encoding="UTF-8"?>
<!DOCTYPE html PUBLIC "-//W3C//DTD XHTML 1.0 Transitional//EN"
    "http://www.w3.org/TR/xhtml1/DTD/xhtml1-transitional.dtd">
<html xmlns="http://www.w3.org/1999/xhtml" xml:lang="en" lang="en">
 <head>
  <title>
</title>
<meta http-equiv="Content-Type" content="text/html;charset=utf-8" />
  <meta name='ocr-system' content='tesseract 3.04.00' />
  <meta name='ocr-capabilities' content='ocr_page ocr_carea ocr_par ocr_line ocrx_word'/>
</head>
<body>
  <div class='ocr_page' id='page_1' title='image "./deaffirmandipar00steigoog_0051.png"; bbox 0 0 3142 5042; ppageno 0'>
   <div class='ocr_carea' id='block_1_1' title="bbox 1364 200 1724 265">
    <p class='ocr_par' dir='ltr' id='par_1_1' title="bbox 1364 200 1724 265">
     <span class='ocr_line' id='line_1_1' title="bbox 1364 200 1724 265; baseline -0.006 -16"><span class='ocrx_word' id='word_1_1' title='bbox 1364 200 1724 265; x_wconf 72' lang='lat'>-39-</span> 
     </span>
    </p>
   </div>
   <div class='ocr_carea' id='block_1_2' title="bbox 331 419 2800 4540">
    <p class='ocr_par' dir='ltr' id='par_1_2' title="bbox 335 419 2794 1337">
     <span class='ocr_line' id='line_1_2' title="bbox 337 419 2785 512; baseline -0.001 -23"><span class='ocrx_word' id='word_1_2' title='bbox 337 448 466 490; x_wconf 94' lang='lat' dir='ltr'><strong>non</strong></span> <span class='ocrx_word' id='word_1_3' title='bbox 502 423 593 490; x_wconf 85' lang='lat' dir='ltr'><strong>ad</strong></span> <span class='ocrx_word' id='word_1_4' title='bbox 628 423 704 489; x_wconf 91' lang='lat' dir='ltr'><strong>id</strong></span> <span class='ocrx_word' id='word_1_5' title='bbox 734 422 1241 508; x_wconf 84' lang='lat' dir='ltr'><strong>significandum,</strong></span> <span class='ocrx_word' id='word_1_6' title='bbox 1272 423 1443 512; x_wconf 89' lang='lat' dir='ltr'><strong>quod</strong></span> <span class='ocrx_word' id='word_1_7' title='bbox 1471 444 1701 511; x_wconf 83' lang='lat' dir='ltr'><strong>reapse</strong></span> <span class='ocrx_word' id='word_1_8' title='bbox 1731 444 1992 489; x_wconf 89' lang='lat' dir='ltr'><strong>causam</strong></span> <span class='ocrx_word' id='word_1_9' title='bbox 2021 419 2344 509; x_wconf 90' lang='lat' dir='ltr'><strong>quandam</strong></span> <span class='ocrx_word' id='word_1_10' title='bbox 2372 429 2785 488; x_wconf 87' lang='lat' dir='ltr'><strong>consecutum</strong></span> 
     </span>
     <span class='ocr_line' id='line_1_3' title="bbox 339 525 2786 614; baseline -0.002 -21"><span class='ocrx_word' id='word_1_11' title='bbox 339 536 453 610; x_wconf 86' lang='lat' dir='ltr'><strong>est,</strong></span> <span class='ocrx_word' id='word_1_12' title='bbox 510 526 627 592; x_wconf 89' lang='lat' dir='ltr'><strong>sed</strong></span> <span class='ocrx_word' id='word_1_13' title='bbox 683 525 855 612; x_wconf 92' lang='lat' dir='ltr'><strong>quod</strong></span> <span class='ocrx_word' id='word_1_14' title='bbox 909 549 991 592; x_wconf 86' lang='lat' dir='ltr'><strong>ex</strong></span> <span class='ocrx_word' id='word_1_15' title='bbox 1044 525 1182 593; x_wconf 91' lang='lat' dir='ltr'><strong>eius</strong></span> <span class='ocrx_word' id='word_1_16' title='bbox 1227 527 1553 614; x_wconf 86' lang='lat' dir='ltr'><strong>opinione,-</strong></span> <span class='ocrx_word' id='word_1_17' title='bbox 1593 526 1703 613; x_wconf 90' lang='lat' dir='ltr'><strong>qui</strong></span> <span class='ocrx_word' id='word_1_18' title='bbox 1744 527 1950 593; x_wconf 77' lang='lat' dir='ltr'><strong>verba</strong></span> <span class='ocrx_word' id='word_1_19' title='bbox 1986 525 2159 608; x_wconf 86' lang='lat' dir='ltr'><strong>facit,</strong></span> <span class='ocrx_word' id='word_1_20' title='bbox 2203 525 2515 592; x_wconf 88' lang='lat' dir='ltr'><strong>incertum</strong></span> <span class='ocrx_word' id='word_1_21' title='bbox 2560 533 2660 590; x_wconf 91' lang='lat' dir='ltr'><strong>est</strong></span> <span class='ocrx_word' id='word_1_22' title='bbox 2702 547 2786 589; x_wconf 92' lang='lat' dir='ltr'><strong>an</strong></span> 
     </span>
     <span class='ocr_line' id='line_1_4' title="bbox 336 627 2789 723; baseline -0.002 -26"><span class='ocrx_word' id='word_1_23' title='bbox 336 637 749 697; x_wconf 89' lang='lat' dir='ltr'><strong>consecutum</strong></span> <span class='ocrx_word' id='word_1_24' title='bbox 800 629 908 723; x_wconf 84' lang='lat' dir='ltr'><strong>vel</strong></span> <span class='ocrx_word' id='word_1_25' title='bbox 961 638 1463 696; x_wconf 85' lang='lat' dir='ltr'><strong>consecuturum.</strong></span> <span class='ocrx_word' id='word_1_26' title='bbox 1516 630 1616 695; x_wconf 91' lang='lat' dir='ltr'><strong>sit.</strong></span> <span class='ocrx_word' id='word_1_27' title='bbox 1720 628 1905 695; x_wconf 92' lang='lat' dir='ltr'><strong>Haec</strong></span> <span class='ocrx_word' id='word_1_28' title='bbox 1962 627 2498 695; x_wconf 88' lang='lat' dir='ltr'><strong>condicionalium</strong></span> <span class='ocrx_word' id='word_1_29' title='bbox 2564 649 2789 694; x_wconf 84' lang='lat' dir='ltr'><strong>causa-</strong></span> 
     </span>
     <span class='ocr_line' id='line_1_5' title="bbox 335 731 2791 821; baseline -0.001 -23"><span class='ocrx_word' id='word_1_30' title='bbox 335 733 618 821; x_wconf 89' lang='lat' dir='ltr'><strong>liumque</strong></span> <span class='ocrx_word' id='word_1_31' title='bbox 664 731 1164 798; x_wconf 78' lang='lat' dir='ltr'><strong>enuntiationum</strong></span> <span class='ocrx_word' id='word_1_32' title='bbox 1208 733 1523 818; x_wconf 79' lang='lat' dir='ltr'><strong>cognatio,</strong></span> <span class='ocrx_word' id='word_1_33' title='bbox 1587 731 1668 798; x_wconf 92' lang='lat' dir='ltr'><strong>de</strong></span> <span class='ocrx_word' id='word_1_34' title='bbox 1711 755 1838 821; x_wconf 91' lang='lat' dir='ltr'><strong>qua</strong></span> <span class='ocrx_word' id='word_1_35' title='bbox 1880 731 2400 799; x_wconf 89' lang='lat' dir='ltr'><strong>commodissime</strong></span> <span class='ocrx_word' id='word_1_36' title='bbox 2436 731 2791 820; x_wconf 84' lang='lat' dir='ltr'><strong>disputavit</strong></span> 
     </span>
     <span class='ocr_line' id='line_1_6' title="bbox 337 832 2790 924; baseline -0.001 -22"><span class='ocrx_word' id='word_1_37' title='bbox 337 838 539 902; x_wconf 72' lang='lat' dir='ltr'><strong>Am.</strong></span> <span class='ocrx_word' id='word_1_38' title='bbox 585 834 1001 922; x_wconf 73' lang='lat' dir='ltr'><strong>(Grundzfige</strong></span> <span class='ocrx_word' id='word_1_39' title='bbox 1022 872 1029 881; x_wconf 87' lang='lat'><em>·</em></span> <span class='ocrx_word' id='word_1_40' title='bbox 1054 834 1171 902; x_wconf 85' lang='lat' dir='ltr'><strong>der</strong></span> <span class='ocrx_word' id='word_1_41' title='bbox 1221 835 1433 902; x_wconf 88' lang='lat' dir='ltr'><strong>Lehre</strong></span> <span class='ocrx_word' id='word_1_42' title='bbox 1478 858 1632 902; x_wconf 87' lang='lat' dir='ltr'><strong>vom</strong></span> <span class='ocrx_word' id='word_1_43' title='bbox 1684 836 1972 924; x_wconf 89' lang='lat' dir='ltr'><strong>Tempus·</strong></span> <span class='ocrx_word' id='word_1_44' title='bbox 2018 834 2150 901; x_wconf 90' lang='lat' dir='ltr'><strong>und</strong></span> <span class='ocrx_word' id='word_1_45' title='bbox 2192 835 2423 902; x_wconf 85' lang='lat' dir='ltr'><strong>Modus</strong></span> <span class='ocrx_word' id='word_1_46' title='bbox 2465 834 2555 899; x_wconf 93' lang='lat' dir='ltr'><strong>im</strong></span> <span class='ocrx_word' id='word_1_47' title='bbox 2601 832 2790 900; x_wconf 84' lang='lat' dir='ltr'><strong>Grie-</strong></span> 
     </span>
     <span class='ocr_line' id='line_1_7' title="bbox 338 937 2794 1027; baseline -0.002 -23"><span class='ocrx_word' id='word_1_48' title='bbox 338 938 662 1021; x_wconf 87' lang='lat' dir='ltr'><strong>chischen,</strong></span> <span class='ocrx_word' id='word_1_49' title='bbox 729 938 1017 1005; x_wconf 85' lang='lat' dir='ltr'><strong>Rostock</strong></span> <span class='ocrx_word' id='word_1_50' title='bbox 1084 938 1298 1026; x_wconf 85' lang='lat'>1861),</span> <span class='ocrx_word' id='word_1_51' title='bbox 1369 939 1745 1027; x_wconf 82' lang='lat' dir='ltr'><strong>planissime</strong></span> <span class='ocrx_word' id='word_1_52' title='bbox 1811 938 2200 1027; x_wconf 72' lang='lat' dir='ltr'><strong>conspicitur</strong></span> <span class='ocrx_word' id='word_1_53' title='bbox 2262 938 2333 1003; x_wconf 91' lang='lat' dir='ltr'><strong>in</strong></span> <span class='ocrx_word' id='word_1_54' title='bbox 2395 937 2794 1025; x_wconf 69' lang='lat' dir='ltr'><strong>»siquidem«</strong></span> 
     </span>
     <span class='ocr_line' id='line_1_8' title="bbox 337 1041 2794 1130; baseline -0 -24"><span class='ocrx_word' id='word_1_55' title='bbox 337 1041 687 1130; x_wconf 78' lang='lat' dir='ltr'><strong>particulae</strong></span> <span class='ocrx_word' id='word_1_56' title='bbox 730 1063 852 1107; x_wconf 89' lang='lat' dir='ltr'><strong>usu</strong></span> <span class='ocrx_word' id='word_1_57' title='bbox 894 1049 960 1107; x_wconf 88' lang='lat' dir='ltr'><strong>et</strong></span> <span class='ocrx_word' id='word_1_58' title='bbox 998 1041 1281 1125; x_wconf 89' lang='lat' dir='ltr'><strong>notione,</strong></span> <span class='ocrx_word' id='word_1_59' title='bbox 1326 1064 1490 1130; x_wconf 89' lang='lat' dir='ltr'><strong>quae</strong></span> <span class='ocrx_word' id='word_1_60' title='bbox 1532 1041 1856 1129; x_wconf 88' lang='lat' dir='ltr'><strong>quendam</strong></span> <span class='ocrx_word' id='word_1_61' title='bbox 1894 1041 2079 1129; x_wconf 90' lang='lat' dir='ltr'><strong>quasi</strong></span> <span class='ocrx_word' id='word_1_62' title='bbox 2107 1041 2447 1107; x_wconf 76' lang='lat' dir='ltr'><strong>transitum</strong></span> <span class='ocrx_word' id='word_1_63' title='bbox 2475 1041 2794 1128; x_wconf 80' lang='lat' dir='ltr'><strong>significat</strong></span> 
     </span>
     <span class='ocr_line' id='line_1_9' title="bbox 339 1143 2792 1234; baseline -0 -25"><span class='ocrx_word' id='word_1_64' title='bbox 339 1168 380 1209; x_wconf 89' lang='lat' dir='ltr'><strong>a</strong></span> <span class='ocrx_word' id='word_1_65' title='bbox 421 1144 844 1211; x_wconf 82' lang='lat' dir='ltr'><strong>condicionali</strong></span> <span class='ocrx_word' id='word_1_66' title='bbox 885 1168 1088 1232; x_wconf 87' lang='lat' dir='ltr'><strong>usque</strong></span> <span class='ocrx_word' id='word_1_67' title='bbox 1133 1145 1218 1211; x_wconf 92' lang='lat' dir='ltr'><strong>ad</strong></span> <span class='ocrx_word' id='word_1_68' title='bbox 1259 1145 1583 1211; x_wconf 82' lang='lat' dir='ltr'><strong>causalem</strong></span> <span class='ocrx_word' id='word_1_69' title='bbox 1638 1153 2033 1234; x_wconf 86' lang='lat' dir='ltr'><strong>potestatem.</strong></span> <span class='ocrx_word' id='word_1_70' title='bbox 2128 1143 2280 1226; x_wconf 77' lang='lat' dir='ltr'><strong>Qua</strong></span> <span class='ocrx_word' id='word_1_71' title='bbox 2318 1166 2391 1210; x_wconf 89' lang='lat' dir='ltr'><strong>re</strong></span> <span class='ocrx_word' id='word_1_72' title='bbox 2431 1143 2503 1209; x_wconf 90' lang='lat' dir='ltr'><strong>in</strong></span> <span class='ocrx_word' id='word_1_73' title='bbox 2529 1165 2792 1210; x_wconf 88' lang='lat' dir='ltr'><strong>enume-</strong></span> 
     </span>
     <span class='ocr_line' id='line_1_10' title="bbox 335 1247 1694 1337; baseline 0.001 -25"><span class='ocrx_word' id='word_1_74' title='bbox 335 1247 553 1313; x_wconf 90' lang='lat' dir='ltr'><strong>randis</strong></span> <span class='ocrx_word' id='word_1_75' title='bbox 593 1248 753 1314; x_wconf 88' lang='lat' dir='ltr'><strong>locis</strong></span> <span class='ocrx_word' id='word_1_76' title='bbox 798 1249 1076 1337; x_wconf 91' lang='lat' dir='ltr'><strong>primum</strong></span> <span class='ocrx_word' id='word_1_77' title='bbox 1120 1248 1453 1314; x_wconf 86' lang='lat' dir='ltr'><strong>afferamus</strong></span> <span class='ocrx_word' id='word_1_78' title='bbox 1497 1247 1694 1314; x_wconf 86' lang='lat' dir='ltr'><strong>hunc:</strong></span> 
     </span>
    </p>

    <p class='ocr_par' dir='ltr' id='par_1_3' title="bbox 335 1349 2791 1645">
     <span class='ocr_line' id='line_1_11' title="bbox 507 1349 2791 1438; baseline -0.001 -21"><span class='ocrx_word' id='word_1_79' title='bbox 507 1349 690 1417; x_wconf 86' lang='lat' dir='ltr'><strong>Tim.</strong></span> <span class='ocrx_word' id='word_1_80' title='bbox 759 1352 869 1416; x_wconf 84' lang='lat'><strong>12:</strong></span> <span class='ocrx_word' id='word_1_81' title='bbox 956 1352 1239 1418; x_wconf 84' lang='lat' dir='ltr'><strong>Rectene</strong></span> <span class='ocrx_word' id='word_1_82' title='bbox 1301 1352 1494 1438; x_wconf 83' lang='lat' dir='ltr'><strong>igitur</strong></span> <span class='ocrx_word' id='word_1_83' title='bbox 1558 1374 1759 1416; x_wconf 86' lang='lat' dir='ltr'><strong>unum</strong></span> <span class='ocrx_word' id='word_1_84' title='bbox 1820 1350 2126 1417; x_wconf 84' lang='lat' dir='ltr'><strong>mundum</strong></span> <span class='ocrx_word' id='word_1_85' title='bbox 2193 1349 2473 1417; x_wconf 83' lang='lat' dir='ltr'><strong>diximus</strong></span> <span class='ocrx_word' id='word_1_86' title='bbox 2531 1373 2614 1415; x_wconf 91' lang='lat' dir='ltr'><strong>an</strong></span> <span class='ocrx_word' id='word_1_87' title='bbox 2668 1349 2791 1415; x_wconf 82' lang='lat' dir='ltr'><strong>fuit</strong></span> 
     </span>
     <span class='ocr_line' id='line_1_12' title="bbox 335 1453 2789 1540; baseline -0 -21"><span class='ocrx_word' id='word_1_88' title='bbox 335 1453 535 1540; x_wconf 88' lang='lat' dir='ltr'><strong>pluris</strong></span> <span class='ocrx_word' id='word_1_89' title='bbox 602 1462 712 1518; x_wconf 87' lang='lat' dir='ltr'><strong>aut</strong></span> <span class='ocrx_word' id='word_1_90' title='bbox 770 1453 1254 1521; x_wconf 90' lang='lat' dir='ltr'><strong>innumerabilis</strong></span> <span class='ocrx_word' id='word_1_91' title='bbox 1322 1454 1497 1521; x_wconf 89' lang='lat' dir='ltr'><strong>dictu</strong></span> <span class='ocrx_word' id='word_1_92' title='bbox 1560 1454 1788 1520; x_wconf 89' lang='lat' dir='ltr'><strong>melius</strong></span> <span class='ocrx_word' id='word_1_93' title='bbox 1848 1462 1911 1520; x_wconf 92' lang='lat' dir='ltr'><strong>et</strong></span> <span class='ocrx_word' id='word_1_94' title='bbox 1952 1454 2211 1520; x_wconf 78' lang='lat' dir='ltr'><strong>verius?</strong></span> <span class='ocrx_word' id='word_1_95' title='bbox 2269 1454 2454 1522; x_wconf 89' lang='lat' dir='ltr'><strong>Unus</strong></span> <span class='ocrx_word' id='word_1_96' title='bbox 2485 1454 2789 1536; x_wconf 54' lang='lat' dir='ltr'><strong>profecta</strong></span> 
     </span>
     <span class='ocr_line' id='line_1_13' title="bbox 338 1556 1599 1645; baseline 0.001 -23"><span class='ocrx_word' id='word_1_97' title='bbox 338 1556 652 1642; x_wconf 81' lang='lat' dir='ltr'><strong>siquidem</strong></span> <span class='ocrx_word' id='word_1_98' title='bbox 697 1557 904 1623; x_wconf 81' lang='lat' dir='ltr'><strong>factus</strong></span> <span class='ocrx_word' id='word_1_99' title='bbox 951 1566 1050 1623; x_wconf 91' lang='lat' dir='ltr'><strong>est</strong></span> <span class='ocrx_word' id='word_1_100' title='bbox 1093 1557 1176 1624; x_wconf 91' lang='lat' dir='ltr'><strong>ad</strong></span> <span class='ocrx_word' id='word_1_101' title='bbox 1219 1557 1599 1645; x_wconf 87' lang='lat' dir='ltr'><strong>exemplum.</strong></span> 
     </span>
    </p>

    <p class='ocr_par' dir='ltr' id='par_1_4' title="bbox 504 1659 1356 1730">
     <span class='ocr_line' id='line_1_14' title="bbox 504 1659 1356 1730; baseline 0.005 -5"><span class='ocrx_word' id='word_1_102' title='bbox 504 1659 848 1726; x_wconf 86' lang='lat' dir='ltr'><strong>Praeterea</strong></span> <span class='ocrx_word' id='word_1_103' title='bbox 891 1683 1356 1730; x_wconf 82' lang='lat' dir='ltr'><strong>commemoro:</strong></span> 
     </span>
    </p>

    <p class='ocr_par' dir='ltr' id='par_1_5' title="bbox 337 1761 2796 2040">
     <span class='ocr_line' id='line_1_15' title="bbox 511 1761 2796 1850; baseline 0 -24"><span class='ocrx_word' id='word_1_104' title='bbox 511 1762 569 1826; x_wconf 92' lang='lat' dir='ltr'><strong>d.</strong></span> <span class='ocrx_word' id='word_1_105' title='bbox 597 1762 733 1828; x_wconf 81' lang='lat' dir='ltr'><strong>fin.</strong></span> <span class='ocrx_word' id='word_1_106' title='bbox 784 1765 841 1847; x_wconf 90' lang='lat'><strong>1,</strong></span> <span class='ocrx_word' id='word_1_107' title='bbox 891 1764 996 1829; x_wconf 82' lang='lat'><strong>10:</strong></span> <span class='ocrx_word' id='word_1_108' title='bbox 1043 1763 1369 1846; x_wconf 77' lang='lat' dir='ltr'><strong>Quoniam</strong></span> <span class='ocrx_word' id='word_1_109' title='bbox 1408 1763 1774 1832; x_wconf 85' lang='lat' dir='ltr'><strong>forensibus</strong></span> <span class='ocrx_word' id='word_1_110' title='bbox 1819 1761 2029 1850; x_wconf 89' lang='lat' dir='ltr'><strong>operis</strong></span> <span class='ocrx_word' id='word_1_111' title='bbox 2076 1811 2091 1827; x_wconf 96' lang='lat'><strong>.</strong></span> <span class='ocrx_word' id='word_1_112' title='bbox 2139 1810 2155 1828; x_wconf 91' lang='lat'><strong>.</strong></span> <span class='ocrx_word' id='word_1_113' title='bbox 2201 1810 2217 1828; x_wconf 90' lang='lat'><strong>.</strong></span> <span class='ocrx_word' id='word_1_114' title='bbox 2261 1785 2392 1829; x_wconf 91' lang='lat' dir='ltr'><strong>non</strong></span> <span class='ocrx_word' id='word_1_115' title='bbox 2437 1761 2796 1829; x_wconf 89' lang='lat' dir='ltr'><strong>deseruisse</strong></span> 
     </span>
     <span class='ocr_line' id='line_1_16' title="bbox 337 1864 2794 1955; baseline 0 -25"><span class='ocrx_word' id='word_1_116' title='bbox 337 1864 497 1931; x_wconf 86' lang='lat' dir='ltr'><strong>mihi</strong></span> <span class='ocrx_word' id='word_1_117' title='bbox 525 1865 748 1933; x_wconf 80' lang='lat' dir='ltr'><strong>videor</strong></span> <span class='ocrx_word' id='word_1_118' title='bbox 774 1866 1186 1955; x_wconf 87' lang='lat' dir='ltr'><strong>praesidium,</strong></span> <span class='ocrx_word' id='word_1_119' title='bbox 1218 1869 1422 1937; x_wconf 87' lang='lat' dir='ltr'><strong>debeo</strong></span> <span class='ocrx_word' id='word_1_120' title='bbox 1447 1866 1728 1949; x_wconf 75' lang='lat' dir='ltr'><strong>profecto</strong></span> <span class='ocrx_word' id='word_1_121' title='bbox 1760 1916 1773 1929; x_wconf 97' lang='lat'><strong>.</strong></span> <span class='ocrx_word' id='word_1_122' title='bbox 1821 1918 1834 1932; x_wconf 90' lang='lat'><strong>.</strong></span> <span class='ocrx_word' id='word_1_123' title='bbox 1880 1914 1894 1930; x_wconf 92' lang='lat'><strong>.</strong></span> <span class='ocrx_word' id='word_1_124' title='bbox 1923 1865 1992 1930; x_wconf 93' lang='lat' dir='ltr'><strong>in</strong></span> <span class='ocrx_word' id='word_1_125' title='bbox 2022 1887 2097 1932; x_wconf 89' lang='lat' dir='ltr'><strong>eo</strong></span> <span class='ocrx_word' id='word_1_126' title='bbox 2141 1888 2396 1954; x_wconf 91' lang='lat' dir='ltr'><strong>quoque</strong></span> <span class='ocrx_word' id='word_1_127' title='bbox 2440 1866 2794 1947; x_wconf 87' lang='lat' dir='ltr'><strong>elaborare,</strong></span> 
     </span>
     <span class='ocr_line' id='line_1_17' title="bbox 339 1968 1537 2040; baseline 0.003 -7"><span class='ocrx_word' id='word_1_128' title='bbox 339 1975 411 2033; x_wconf 90' lang='lat' dir='ltr'><strong>ut</strong></span> <span class='ocrx_word' id='word_1_129' title='bbox 454 1968 585 2034; x_wconf 90' lang='lat' dir='ltr'><strong>sint</strong></span> <span class='ocrx_word' id='word_1_130' title='bbox 626 2021 640 2035; x_wconf 94' lang='lat'><strong>.</strong></span> <span class='ocrx_word' id='word_1_131' title='bbox 685 2019 702 2034; x_wconf 87' lang='lat'><strong>.</strong></span> <span class='ocrx_word' id='word_1_132' title='bbox 747 2020 766 2040; x_wconf 91' lang='grc'>.</span> <span class='ocrx_word' id='word_1_133' title='bbox 813 1969 1130 2037; x_wconf 82' lang='lat' dir='ltr'><strong>doctiores</strong></span> <span class='ocrx_word' id='word_1_134' title='bbox 1174 1971 1351 2038; x_wconf 84' lang='lat' dir='ltr'><strong>cives</strong></span> <span class='ocrx_word' id='word_1_135' title='bbox 1392 1971 1537 2037; x_wconf 88' lang='lat' dir='ltr'><strong>mei.</strong></span> 
     </span>
    </p>

    <p class='ocr_par' dir='ltr' id='par_1_6' title="bbox 336 2070 2796 2367">
     <span class='ocr_line' id='line_1_18' title="bbox 512 2070 2796 2160; baseline -0 -23"><span class='ocrx_word' id='word_1_136' title='bbox 512 2070 575 2141; x_wconf 87' lang='lat' dir='ltr'><strong>d.</strong></span> <span class='ocrx_word' id='word_1_137' title='bbox 609 2095 762 2160; x_wconf 87' lang='lat' dir='ltr'><strong>rep.</strong></span> <span class='ocrx_word' id='word_1_138' title='bbox 809 2073 862 2139; x_wconf 91' lang='lat'><strong>1.</strong></span> <span class='ocrx_word' id='word_1_139' title='bbox 904 2072 994 2139; x_wconf 82' lang='lat' dir='ltr'><strong>fr.</strong></span> <span class='ocrx_word' id='word_1_140' title='bbox 1042 2074 1112 2141; x_wconf 79' lang='lat'><strong>1:</strong></span> <span class='ocrx_word' id='word_1_141' title='bbox 1159 2071 1292 2141; x_wconf 88' lang='lat' dir='ltr'><strong>Sed</strong></span> <span class='ocrx_word' id='word_1_142' title='bbox 1335 2072 1640 2160; x_wconf 91' lang='lat' dir='ltr'><strong>quoniam</strong></span> <span class='ocrx_word' id='word_1_143' title='bbox 1680 2073 1867 2160; x_wconf 89' lang='lat' dir='ltr'><strong>plura</strong></span> <span class='ocrx_word' id='word_1_144' title='bbox 1908 2071 2220 2138; x_wconf 89' lang='lat' dir='ltr'><strong>beneficia</strong></span> <span class='ocrx_word' id='word_1_145' title='bbox 2261 2071 2544 2138; x_wconf 87' lang='lat' dir='ltr'><strong>continet</strong></span> <span class='ocrx_word' id='word_1_146' title='bbox 2586 2070 2796 2158; x_wconf 85' lang='lat' dir='ltr'><strong>patria</strong></span> 
     </span>
     <span class='ocr_line' id='line_1_19' title="bbox 338 2174 2789 2264; baseline 0 -25"><span class='ocrx_word' id='word_1_147' title='bbox 338 2181 403 2239; x_wconf 88' lang='lat' dir='ltr'><strong>et</strong></span> <span class='ocrx_word' id='word_1_148' title='bbox 467 2176 569 2239; x_wconf 87' lang='lat' dir='ltr'><strong>est</strong></span> <span class='ocrx_word' id='word_1_149' title='bbox 632 2175 952 2263; x_wconf 88' lang='lat' dir='ltr'><strong>antiquior</strong></span> <span class='ocrx_word' id='word_1_150' title='bbox 1015 2198 1248 2264; x_wconf 88' lang='lat' dir='ltr'><strong>parens</strong></span> <span class='ocrx_word' id='word_1_151' title='bbox 1305 2197 1499 2262; x_wconf 88' lang='lat' dir='ltr'><strong>quam</strong></span> <span class='ocrx_word' id='word_1_152' title='bbox 1554 2177 1635 2260; x_wconf 87' lang='lat' dir='ltr'><strong>is,</strong></span> <span class='ocrx_word' id='word_1_153' title='bbox 1689 2176 1800 2264; x_wconf 87' lang='lat' dir='ltr'><strong>qui</strong></span> <span class='ocrx_word' id='word_1_154' title='bbox 1842 2174 2104 2257; x_wconf 83' lang='lat' dir='ltr'><strong>creavit,</strong></span> <span class='ocrx_word' id='word_1_155' title='bbox 2161 2174 2367 2241; x_wconf 86' lang='lat' dir='ltr'><strong>maior</strong></span> <span class='ocrx_word' id='word_1_156' title='bbox 2411 2175 2478 2240; x_wconf 88' lang='lat' dir='ltr'><strong>ei·</strong></span> <span class='ocrx_word' id='word_1_157' title='bbox 2510 2174 2789 2258; x_wconf 77' lang='lat' dir='ltr'><strong>profecto</strong></span> 
     </span>
     <span class='ocr_line' id='line_1_20' title="bbox 336 2278 1399 2367; baseline 0.005 -26"><span class='ocrx_word' id='word_1_158' title='bbox 336 2299 530 2364; x_wconf 89' lang='lat' dir='ltr'><strong>quam</strong></span> <span class='ocrx_word' id='word_1_159' title='bbox 573 2278 824 2366; x_wconf 87' lang='lat' dir='ltr'><strong>parenti</strong></span> <span class='ocrx_word' id='word_1_160' title='bbox 871 2278 1139 2345; x_wconf 88' lang='lat' dir='ltr'><strong>debetur</strong></span> <span class='ocrx_word' id='word_1_161' title='bbox 1162 2280 1399 2367; x_wconf 69' lang='lat' dir='ltr'><strong>gratia.</strong></span> 
     </span>
    </p>

    <p class='ocr_par' dir='ltr' id='par_1_7' title="bbox 336 2381 2792 2549">
     <span class='ocr_line' id='line_1_21' title="bbox 505 2381 2792 2471; baseline -0 -25"><span class='ocrx_word' id='word_1_162' title='bbox 505 2382 665 2446; x_wconf 86' lang='lat' dir='ltr'><strong>Att.</strong></span> <span class='ocrx_word' id='word_1_163' title='bbox 699 2382 759 2464; x_wconf 89' lang='lat'><strong>8,</strong></span> <span class='ocrx_word' id='word_1_164' title='bbox 807 2381 954 2465; x_wconf 89' lang='lat' dir='ltr'><strong>lld,</strong></span> <span class='ocrx_word' id='word_1_165' title='bbox 1001 2383 1069 2447; x_wconf 80' lang='lat'><strong>8:</strong></span> <span class='ocrx_word' id='word_1_166' title='bbox 1117 2405 1277 2469; x_wconf 87' lang='lat' dir='ltr'><strong>quae</strong></span> <span class='ocrx_word' id='word_1_167' title='bbox 1322 2383 1626 2471; x_wconf 90' lang='lat' dir='ltr'><strong>quoniam</strong></span> <span class='ocrx_word' id='word_1_168' title='bbox 1668 2382 1833 2449; x_wconf 88' lang='lat' dir='ltr'><strong>ratio</strong></span> <span class='ocrx_word' id='word_1_169' title='bbox 1862 2381 2080 2461; x_wconf 82' lang='lat' dir='ltr'><strong>vincit,</strong></span> <span class='ocrx_word' id='word_1_170' title='bbox 2124 2381 2455 2470; x_wconf 87' lang='lat' dir='ltr'><strong>perficiam</strong></span> <span class='ocrx_word' id='word_1_171' title='bbox 2479 2381 2792 2464; x_wconf 75' lang='lat' dir='ltr'><strong>profecte,</strong></span> 
     </span>
     <span class='ocr_line' id='line_1_22' title="bbox 336 2489 593 2549; baseline 0 -1"><span class='ocrx_word' id='word_1_172' title='bbox 336 2489 405 2548; x_wconf 85' lang='lat' dir='ltr'><strong>ut</strong></span> <span class='ocrx_word' id='word_1_173' title='bbox 448 2531 465 2549; x_wconf 87' lang='lat'><strong>.</strong></span> <span class='ocrx_word' id='word_1_174' title='bbox 511 2532 527 2548; x_wconf 90' lang='lat'><strong>.</strong></span> <span class='ocrx_word' id='word_1_175' title='bbox 576 2533 593 2548; x_wconf 89' lang='lat'><strong>.</strong></span> 
     </span>
    </p>

    <p class='ocr_par' dir='ltr' id='par_1_8' title="bbox 338 2587 2792 2778">
     <span class='ocr_line' id='line_1_23' title="bbox 509 2587 2792 2677; baseline 0.002 -27"><span class='ocrx_word' id='word_1_176' title='bbox 509 2608 615 2673; x_wconf 91' lang='lat' dir='ltr'><strong>ep.</strong></span> <span class='ocrx_word' id='word_1_177' title='bbox 666 2587 767 2671; x_wconf 88' lang='grc'><strong>11,</strong></span> <span class='ocrx_word' id='word_1_178' title='bbox 812 2588 874 2671; x_wconf 84' lang='grc'><strong>2,</strong></span> <span class='ocrx_word' id='word_1_179' title='bbox 923 2589 990 2654; x_wconf 92' lang='lat'><strong>1.</strong></span> <span class='ocrx_word' id='word_1_180' title='bbox 1039 2610 1204 2677; x_wconf 88' lang='lat' dir='ltr'><strong>quae</strong></span> <span class='ocrx_word' id='word_1_181' title='bbox 1235 2589 1519 2671; x_wconf 76' lang='lat' dir='ltr'><strong>profecto</strong></span> <span class='ocrx_word' id='word_1_182' title='bbox 1563 2590 1868 2677; x_wconf 89' lang='lat' dir='ltr'><strong>quoniam</strong></span> <span class='ocrx_word' id='word_1_183' title='bbox 1910 2588 2105 2656; x_wconf 89' lang='lat' dir='ltr'><strong>istum</strong></span> <span class='ocrx_word' id='word_1_184' title='bbox 2149 2588 2434 2657; x_wconf 89' lang='lat' dir='ltr'><strong>animum</strong></span> <span class='ocrx_word' id='word_1_185' title='bbox 2451 2588 2792 2671; x_wconf 81' lang='lat' dir='ltr'><strong>habeS,1n</strong></span> <span class='ocrx_word' id='word_1_186' title='bbox 2729 2587 2744 2601; x_wconf 78' lang='lat'><em>⁶</em></span> 
     </span>
     <span class='ocr_line' id='line_1_24' title="bbox 338 2687 1279 2778; baseline 0.007 -26"><span class='ocrx_word' id='word_1_187' title='bbox 338 2687 645 2777; x_wconf 86' lang='lat' dir='ltr'><strong>optimam</strong></span> <span class='ocrx_word' id='word_1_188' title='bbox 686 2699 936 2778; x_wconf 89' lang='lat' dir='ltr'><strong>partem</strong></span> <span class='ocrx_word' id='word_1_189' title='bbox 979 2692 1279 2778; x_wconf 83' lang='lat' dir='ltr'><strong>accipies.</strong></span> 
     </span>
    </p>

    <p class='ocr_par' dir='ltr' id='par_1_9' title="bbox 336 2792 2652 2987">
     <span class='ocr_line' id='line_1_25' title="bbox 508 2792 2652 2883; baseline 0 -24"><span class='ocrx_word' id='word_1_190' title='bbox 508 2792 732 2860; x_wconf 85' lang='lat' dir='ltr'><strong>Rosc.</strong></span> <span class='ocrx_word' id='word_1_191' title='bbox 809 2795 922 2862; x_wconf 76' lang='lat'><strong>30:</strong></span> <span class='ocrx_word' id='word_1_192' title='bbox 1009 2795 1120 2883; x_wconf 92' lang='lat' dir='ltr'><strong>qui</strong></span> <span class='ocrx_word' id='word_1_193' title='bbox 1188 2796 1388 2863; x_wconf 91' lang='lat' dir='ltr'><strong>libere</strong></span> <span class='ocrx_word' id='word_1_194' title='bbox 1461 2795 1651 2877; x_wconf 67' lang='lat' dir='ltr'><strong>dieat,</strong></span> <span class='ocrx_word' id='word_1_195' title='bbox 1717 2795 1827 2883; x_wconf 89' lang='lat' dir='ltr'><strong>qui</strong></span> <span class='ocrx_word' id='word_1_196' title='bbox 1892 2817 2035 2860; x_wconf 90' lang='lat' dir='ltr'><strong>cum</strong></span> <span class='ocrx_word' id='word_1_197' title='bbox 2100 2793 2228 2861; x_wconf 89' lang='lat' dir='ltr'><strong>fide</strong></span> <span class='ocrx_word' id='word_1_198' title='bbox 2290 2792 2652 2861; x_wconf 87' lang='lat' dir='ltr'><strong>defendat.</strong></span> 
     </span>
     <span class='ocr_line' id='line_1_26' title="bbox 336 2896 2002 2987; baseline 0.002 -26"><span class='ocrx_word' id='word_1_199' title='bbox 336 2896 639 2980; x_wconf 73' lang='lat' dir='ltr'><strong>quoniam</strong></span> <span class='ocrx_word' id='word_1_200' title='bbox 681 2896 943 2985; x_wconf 86' lang='lat' dir='ltr'><strong>quidem</strong></span> <span class='ocrx_word' id='word_1_201' title='bbox 984 2898 1260 2987; x_wconf 85' lang='lat' dir='ltr'><strong>suscepi,</strong></span> <span class='ocrx_word' id='word_1_202' title='bbox 1306 2922 1436 2965; x_wconf 94' lang='lat' dir='ltr'><strong>non</strong></span> <span class='ocrx_word' id='word_1_203' title='bbox 1482 2898 1664 2965; x_wconf 86' lang='lat' dir='ltr'><strong>deest</strong></span> <span class='ocrx_word' id='word_1_204' title='bbox 1702 2898 2002 2985; x_wconf 74' lang='lat' dir='ltr'><strong>profecto,</strong></span> 
     </span>
    </p>

    <p class='ocr_par' dir='ltr' id='par_1_10' title="bbox 336 2998 2798 3398">
     <span class='ocr_line' id='line_1_27' title="bbox 507 2998 2798 3090; baseline -0 -24"><span class='ocrx_word' id='word_1_205' title='bbox 507 2998 925 3067; x_wconf 85' lang='lat' dir='ltr'><strong>Enuntiatum</strong></span> <span class='ocrx_word' id='word_1_206' title='bbox 966 3002 1154 3069; x_wconf 88' lang='lat' dir='ltr'><strong>illud:</strong></span> <span class='ocrx_word' id='word_1_207' title='bbox 1213 3028 1242 3063; x_wconf 87' lang='grc'><strong>&gt;&gt;</strong></span> <span class='ocrx_word' id='word_1_208' title='bbox 1259 3002 1563 3089; x_wconf 87' lang='lat' dir='ltr'><strong>quoniam</strong></span> <span class='ocrx_word' id='word_1_209' title='bbox 1618 3001 1877 3090; x_wconf 91' lang='lat' dir='ltr'><strong>quidem</strong></span> <span class='ocrx_word' id='word_1_210' title='bbox 1933 3001 2227 3090; x_wconf 73' lang='lat' dir='ltr'><strong>suscepi«</strong></span> <span class='ocrx_word' id='word_1_211' title='bbox 2279 3023 2360 3066; x_wconf 84' lang='lat' dir='ltr'><strong>ex</strong></span> <span class='ocrx_word' id='word_1_212' title='bbox 2401 3000 2798 3067; x_wconf 58' lang='lat' dir='ltr'><strong>Hausmom</strong></span> 
     </span>
     <span class='ocr_line' id='line_1_28' title="bbox 338 3099 2793 3193; baseline 0.002 -26"><span class='ocrx_word' id='word_1_213' title='bbox 338 3103 711 3170; x_wconf 87' lang='lat' dir='ltr'><strong>auctoritate</strong></span> <span class='ocrx_word' id='word_1_214' title='bbox 755 3127 795 3169; x_wconf 92' lang='lat' dir='ltr'><strong>a</strong></span> <span class='ocrx_word' id='word_1_215' title='bbox 835 3106 1211 3173; x_wconf 81' lang='lat' dir='ltr'><strong>novissimis</strong></span> <span class='ocrx_word' id='word_1_216' title='bbox 1257 3106 1607 3172; x_wconf 87' lang='lat' dir='ltr'><strong>editoribus</strong></span> <span class='ocrx_word' id='word_1_217' title='bbox 1653 3105 1940 3192; x_wconf 89' lang='lat' dir='ltr'><strong>spurium</strong></span> <span class='ocrx_word' id='word_1_218' title='bbox 1984 3112 2243 3193; x_wconf 86' lang='lat' dir='ltr'><strong>putatur</strong></span> <span class='ocrx_word' id='word_1_219' title='bbox 2284 3127 2406 3170; x_wconf 89' lang='lat' dir='ltr'><strong>nec</strong></span> <span class='ocrx_word' id='word_1_220' title='bbox 2426 3099 2793 3188; x_wconf 81' lang='lat' dir='ltr'><strong>immeritO,</strong></span> 
     </span>
     <span class='ocr_line' id='line_1_29' title="bbox 336 3206 2790 3295; baseline 0.001 -25"><span class='ocrx_word' id='word_1_221' title='bbox 336 3228 611 3292; x_wconf 88' lang='lat' dir='ltr'><strong>namque</strong></span> <span class='ocrx_word' id='word_1_222' title='bbox 681 3208 877 3273; x_wconf 88' lang='lat' dir='ltr'><strong>totius</strong></span> <span class='ocrx_word' id='word_1_223' title='bbox 950 3208 1242 3277; x_wconf 84' lang='lat' dir='ltr'><strong>ambitus·</strong></span> <span class='ocrx_word' id='word_1_224' title='bbox 1290 3230 1530 3275; x_wconf 80' lang='lat' dir='ltr'><strong>sensus</strong></span> <span class='ocrx_word' id='word_1_225' title='bbox 1605 3207 1999 3275; x_wconf 88' lang='lat' dir='ltr'><strong>demonstrat</strong></span> <span class='ocrx_word' id='word_1_226' title='bbox 2067 3206 2227 3273; x_wconf 93' lang='lat' dir='ltr'><strong>illud</strong></span> <span class='ocrx_word' id='word_1_227' title='bbox 2299 3230 2565 3295; x_wconf 88' lang='lat' dir='ltr'><strong>prorsus</strong></span> <span class='ocrx_word' id='word_1_228' title='bbox 2647 3230 2790 3274; x_wconf 88' lang='lat' dir='ltr'><strong>esse</strong></span> 
     </span>
     <span class='ocr_line' id='line_1_30' title="bbox 338 3312 2711 3398; baseline 0.003 -23"><span class='ocrx_word' id='word_1_229' title='bbox 338 3331 905 3398; x_wconf 82' lang='lat' dir='ltr'><strong>supervacaneum,</strong></span> <span class='ocrx_word' id='word_1_230' title='bbox 950 3312 1104 3398; x_wconf 90' lang='lat' dir='ltr'><strong>quin</strong></span> <span class='ocrx_word' id='word_1_231' title='bbox 1145 3312 1500 3380; x_wconf 85' lang='lat' dir='ltr'><strong>molestum.</strong></span> <span class='ocrx_word' id='word_1_232' title='bbox 2700 3321 2711 3334; x_wconf 86' lang='grc'><strong>“</strong></span> 
     </span>
    </p>

    <p class='ocr_par' dir='ltr' id='par_1_11' title="bbox 510 3412 1125 3496">
     <span class='ocr_line' id='line_1_31' title="bbox 510 3412 1125 3496; baseline 0.005 -18"><span class='ocrx_word' id='word_1_233' title='bbox 510 3413 570 3479; x_wconf 85' lang='grc'><strong>(1.</strong></span> <span class='ocrx_word' id='word_1_234' title='bbox 618 3412 680 3479; x_wconf 83' lang='grc'><strong>(1.</strong></span> <span class='ocrx_word' id='word_1_235' title='bbox 725 3421 876 3481; x_wconf 87' lang='lat' dir='ltr'><strong>nat.</strong></span> <span class='ocrx_word' id='word_1_236' title='bbox 925 3415 981 3496; x_wconf 91' lang='lat'><strong>1,</strong></span> <span class='ocrx_word' id='word_1_237' title='bbox 1026 3416 1125 3482; x_wconf 81' lang='lat'><strong>24.</strong></span> 
     </span>
    </p>

    <p class='ocr_par' dir='ltr' id='par_1_12' title="bbox 1466 3517 1673 3608">
     <span class='ocr_line' id='line_1_32' title="bbox 1466 3517 1673 3608; baseline 0 -24"><span class='ocrx_word' id='word_1_238' title='bbox 1466 3517 1638 3608; x_wconf 86' lang='lat' dir='ltr'><strong>quod</strong></span> <span class='ocrx_word' id='word_1_239' title='bbox 1653 3543 1673 3584; x_wconf 76' lang='lat'>2</span> 
     </span>
    </p>

    <p class='ocr_par' dir='ltr' id='par_1_13' title="bbox 331 3619 2795 3814">
     <span class='ocr_line' id='line_1_33' title="bbox 507 3619 2795 3710; baseline 0 -23"><span class='ocrx_word' id='word_1_240' title='bbox 507 3620 735 3688; x_wconf 80' lang='lat' dir='ltr'><strong>Rosa.</strong></span> <span class='ocrx_word' id='word_1_241' title='bbox 782 3620 933 3687; x_wconf 74' lang='lat'>120:</span> <span class='ocrx_word' id='word_1_242' title='bbox 985 3621 1156 3709; x_wconf 90' lang='lat' dir='ltr'><strong>quod</strong></span> <span class='ocrx_word' id='word_1_243' title='bbox 1197 3643 1353 3689; x_wconf 81' lang='lat' dir='ltr'><strong>vero</strong></span> <span class='ocrx_word' id='word_1_244' title='bbox 1398 3621 1570 3710; x_wconf 89' lang='lat' dir='ltr'><strong>apud</strong></span> <span class='ocrx_word' id='word_1_245' title='bbox 1615 3643 1735 3688; x_wconf 85' lang='lat' dir='ltr'><strong>vos</strong></span> <span class='ocrx_word' id='word_1_246' title='bbox 1778 3619 2069 3708; x_wconf 87' lang='lat' dir='ltr'><strong>ipsos.in</strong></span> <span class='ocrx_word' id='word_1_247' title='bbox 2111 3619 2356 3687; x_wconf 89' lang='lat' dir='ltr'><strong>honore</strong></span> <span class='ocrx_word' id='word_1_248' title='bbox 2398 3627 2590 3685; x_wconf 88' lang='lat' dir='ltr'><strong>tanto</strong></span> <span class='ocrx_word' id='word_1_249' title='bbox 2627 3630 2795 3704; x_wconf 87' lang='lat' dir='ltr'><strong>sunt,</strong></span> 
     </span>
     <span class='ocr_line' id='line_1_34' title="bbox 331 3724 1790 3814; baseline 0.001 -26"><span class='ocrx_word' id='word_1_250' title='bbox 331 3724 617 3805; x_wconf 76' lang='lat' dir='ltr'><strong>profecto</strong></span> <span class='ocrx_word' id='word_1_251' title='bbox 659 3746 927 3791; x_wconf 87' lang='lat' dir='ltr'><strong>necesse</strong></span> <span class='ocrx_word' id='word_1_252' title='bbox 971 3732 1070 3791; x_wconf 89' lang='lat' dir='ltr'><strong>est</strong></span> <span class='ocrx_word' id='word_1_253' title='bbox 1112 3725 1319 3792; x_wconf 91' lang='lat' dir='ltr'><strong>sciant</strong></span> <span class='ocrx_word' id='word_1_254' title='bbox 1360 3724 1602 3814; x_wconf 87' lang='lat' dir='ltr'><strong>aliquid</strong></span> <span class='ocrx_word' id='word_1_255' title='bbox 1646 3773 1662 3791; x_wconf 94' lang='lat'><strong>.</strong></span> <span class='ocrx_word' id='word_1_256' title='bbox 1711 3774 1727 3790; x_wconf 91' lang='lat'><strong>.</strong></span> <span class='ocrx_word' id='word_1_257' title='bbox 1774 3772 1790 3790; x_wconf 91' lang='lat'><strong>.</strong></span> 
     </span>
    </p>

    <p class='ocr_par' dir='ltr' id='par_1_14' title="bbox 1480 3849 1659 3894">
     <span class='ocr_line' id='line_1_35' title="bbox 1480 3849 1659 3894; baseline 0 0"><span class='ocrx_word' id='word_1_258' title='bbox 1480 3849 1659 3894; x_wconf 65' lang='lat' dir='ltr'><strong>cums</strong></span> 
     </span>
    </p>

    <p class='ocr_par' dir='ltr' id='par_1_15' title="bbox 340 3928 2800 4228">
     <span class='ocr_line' id='line_1_36' title="bbox 513 3928 2800 4020; baseline 0.001 -26"><span class='ocrx_word' id='word_1_259' title='bbox 513 3928 729 3995; x_wconf 87' lang='lat' dir='ltr'><strong>Tusc.</strong></span> <span class='ocrx_word' id='word_1_260' title='bbox 780 3932 835 4015; x_wconf 87' lang='lat'><strong>1,</strong></span> <span class='ocrx_word' id='word_1_261' title='bbox 882 3932 998 3998; x_wconf 77' lang='lat'><strong>44:</strong></span> <span class='ocrx_word' id='word_1_262' title='bbox 1043 3953 1189 3998; x_wconf 88' lang='lat' dir='ltr'><strong>cum</strong></span> <span class='ocrx_word' id='word_1_263' title='bbox 1233 3931 1610 4020; x_wconf 88' lang='lat' dir='ltr'><strong>corporibus</strong></span> <span class='ocrx_word' id='word_1_264' title='bbox 1653 3930 1904 3999; x_wconf 80' lang='lat' dir='ltr'><strong>facibus</strong></span> <span class='ocrx_word' id='word_1_265' title='bbox 1942 3930 2329 3997; x_wconf 87' lang='lat' dir='ltr'><strong>inflammari</strong></span> <span class='ocrx_word' id='word_1_266' title='bbox 2357 3930 2679 4015; x_wconf 84' lang='lat' dir='ltr'><strong>soleamus</strong></span> <span class='ocrx_word' id='word_1_267' title='bbox 2715 3930 2800 3996; x_wconf 86' lang='lat' dir='ltr'><strong>ad</strong></span> 
     </span>
     <span class='ocr_line' id='line_1_37' title="bbox 342 4032 2798 4125; baseline -0 -25"><span class='ocrx_word' id='word_1_268' title='bbox 342 4054 564 4100; x_wconf 91' lang='lat' dir='ltr'><strong>omnes</strong></span> <span class='ocrx_word' id='word_1_269' title='bbox 607 4032 742 4098; x_wconf 89' lang='lat' dir='ltr'><strong>fere</strong></span> <span class='ocrx_word' id='word_1_270' title='bbox 783 4035 1163 4125; x_wconf 88' lang='lat' dir='ltr'><strong>cupiditates</strong></span> <span class='ocrx_word' id='word_1_271' title='bbox 1207 4082 1225 4102; x_wconf 90' lang='lat'><strong>.</strong></span> <span class='ocrx_word' id='word_1_272' title='bbox 1271 4085 1285 4101; x_wconf 92' lang='lat'><strong>.</strong></span> <span class='ocrx_word' id='word_1_273' title='bbox 1334 4083 1371 4119; x_wconf 87' lang='lat'><strong>.,</strong></span> <span class='ocrx_word' id='word_1_274' title='bbox 1401 4034 1691 4117; x_wconf 77' lang='lat' dir='ltr'><strong>profecto</strong></span> <span class='ocrx_word' id='word_1_275' title='bbox 1734 4034 1906 4101; x_wconf 89' lang='lat' dir='ltr'><strong>beati</strong></span> <span class='ocrx_word' id='word_1_276' title='bbox 1951 4033 2207 4118; x_wconf 87' lang='lat' dir='ltr'><strong>erimus,</strong></span> <span class='ocrx_word' id='word_1_277' title='bbox 2254 4056 2399 4101; x_wconf 88' lang='lat' dir='ltr'><strong>cum</strong></span> <span class='ocrx_word' id='word_1_278' title='bbox 2429 4085 2446 4100; x_wconf 91' lang='lat'><strong>.</strong></span> <span class='ocrx_word' id='word_1_279' title='bbox 2494 4085 2509 4102; x_wconf 89' lang='lat'><strong>.</strong></span> <span class='ocrx_word' id='word_1_280' title='bbox 2557 4088 2569 4102; x_wconf 91' lang='lat'><strong>.</strong></span> <span class='ocrx_word' id='word_1_281' title='bbox 2618 4034 2798 4122; x_wconf 91' lang='lat' dir='ltr'><strong>cupi-</strong></span> 
     </span>
     <span class='ocr_line' id='line_1_38' title="bbox 340 4135 1247 4228; baseline 0.007 -27"><span class='ocrx_word' id='word_1_282' title='bbox 340 4135 611 4202; x_wconf 85' lang='lat' dir='ltr'><strong>ditatum</strong></span> <span class='ocrx_word' id='word_1_283' title='bbox 653 4136 889 4204; x_wconf 90' lang='lat' dir='ltr'><strong>erimus</strong></span> <span class='ocrx_word' id='word_1_284' title='bbox 933 4147 1247 4228; x_wconf 88' lang='lat' dir='ltr'><strong>expertes.</strong></span> 
     </span>
    </p>

    <p class='ocr_par' dir='ltr' id='par_1_16' title="bbox 342 4239 2794 4540">
     <span class='ocr_line' id='line_1_39' title="bbox 443 4239 2794 4328; baseline 0 -22"><span class='ocrx_word' id='word_1_285' title='bbox 443 4283 456 4297; x_wconf 89' lang='lat'><strong>·</strong></span> <span class='ocrx_word' id='word_1_286' title='bbox 505 4239 734 4306; x_wconf 65' lang='lat' dir='ltr'><strong>(susc.</strong></span> <span class='ocrx_word' id='word_1_287' title='bbox 790 4239 855 4323; x_wconf 81' lang='lat'><strong>5,</strong></span> <span class='ocrx_word' id='word_1_288' title='bbox 909 4243 979 4309; x_wconf 80' lang='lat'><strong>2:</strong></span> <span class='ocrx_word' id='word_1_289' title='bbox 1037 4264 1191 4309; x_wconf 88' lang='lat' dir='ltr'><strong>nam</strong></span> <span class='ocrx_word' id='word_1_290' title='bbox 1245 4244 1514 4310; x_wconf 83' lang='lat' dir='ltr'><strong>cum&#39;ea</strong></span> <span class='ocrx_word' id='word_1_291' title='bbox 1555 4264 1751 4310; x_wconf 86' lang='lat' dir='ltr'><strong>causa</strong></span> <span class='ocrx_word' id='word_1_292' title='bbox 1791 4240 2120 4328; x_wconf 89' lang='lat' dir='ltr'><strong>imputerit</strong></span> <span class='ocrx_word' id='word_1_293' title='bbox 2163 4263 2277 4309; x_wconf 92' lang='lat' dir='ltr'><strong>eos</strong></span> <span class='ocrx_word' id='word_1_294' title='bbox 2323 4295 2335 4309; x_wconf 92' lang='lat'><strong>.</strong></span> <span class='ocrx_word' id='word_1_295' title='bbox 2383 4292 2399 4307; x_wconf 96' lang='lat'><strong>.</strong></span> <span class='ocrx_word' id='word_1_296' title='bbox 2445 4288 2461 4307; x_wconf 92' lang='lat'><strong>.</strong></span> <span class='ocrx_word' id='word_1_297' title='bbox 2508 4249 2581 4306; x_wconf 86' lang='lat' dir='ltr'><strong>ut</strong></span> <span class='ocrx_word' id='word_1_298' title='bbox 2621 4249 2794 4308; x_wconf 89' lang='lat' dir='ltr'><strong>totos</strong></span> 
     </span>
     <span class='ocr_line' id='line_1_40' title="bbox 342 4342 2789 4434; baseline 0.002 -25"><span class='ocrx_word' id='word_1_299' title='bbox 342 4365 411 4409; x_wconf 88' lang='lat' dir='ltr'><strong>se</strong></span> <span class='ocrx_word' id='word_1_300' title='bbox 449 4343 520 4410; x_wconf 82' lang='lat' dir='ltr'><strong>in</strong></span> <span class='ocrx_word' id='word_1_301' title='bbox 565 4342 806 4431; x_wconf 79' lang='lat' dir='ltr'><strong>optimo</strong></span> <span class='ocrx_word' id='word_1_302' title='bbox 836 4344 1006 4412; x_wconf 82' lang='lat' dir='ltr'><strong>vitae</strong></span> <span class='ocrx_word' id='word_1_303' title='bbox 1051 4353 1221 4412; x_wconf 87' lang='lat' dir='ltr'><strong>statu</strong></span> <span class='ocrx_word' id='word_1_304' title='bbox 1264 4344 1656 4434; x_wconf 81' lang='lat' dir='ltr'><strong>exquirendo</strong></span> <span class='ocrx_word' id='word_1_305' title='bbox 1688 4344 2087 4426; x_wconf 87' lang='lat' dir='ltr'><strong>collocarent,</strong></span> <span class='ocrx_word' id='word_1_306' title='bbox 2104 4346 2395 4428; x_wconf 74' lang='lat' dir='ltr'><strong>profecto</strong></span> <span class='ocrx_word' id='word_1_307' title='bbox 2442 4366 2558 4431; x_wconf 87' lang='lat' dir='ltr'><strong>spe</strong></span> <span class='ocrx_word' id='word_1_308' title='bbox 2603 4343 2789 4413; x_wconf 86' lang='lat' dir='ltr'><strong>beate</strong></span> 
     </span>
     <span class='ocr_line' id='line_1_41' title="bbox 345 4447 2480 4540; baseline 0 -26"><span class='ocrx_word' id='word_1_309' title='bbox 345 4447 597 4515; x_wconf 81' lang='lat' dir='ltr'><strong>vivendi</strong></span> <span class='ocrx_word' id='word_1_310' title='bbox 642 4456 887 4515; x_wconf 87' lang='lat' dir='ltr'><strong>tantam</strong></span> <span class='ocrx_word' id='word_1_311' title='bbox 928 4447 996 4514; x_wconf 92' lang='lat' dir='ltr'><strong>in</strong></span> <span class='ocrx_word' id='word_1_312' title='bbox 1044 4470 1121 4515; x_wconf 90' lang='lat' dir='ltr'><strong>eo</strong></span> <span class='ocrx_word' id='word_1_313' title='bbox 1163 4449 1374 4525; x_wconf 85' lang='lat' dir='ltr'><strong>studio</strong></span> <span class='ocrx_word' id='word_1_314' title='bbox 1419 4473 1641 4516; x_wconf 84' lang='lat' dir='ltr'><strong>curam</strong></span> <span class='ocrx_word' id='word_1_315' title='bbox 1684 4471 2072 4539; x_wconf 86' lang='lat' dir='ltr'><strong>operamque</strong></span> <span class='ocrx_word' id='word_1_316' title='bbox 2113 4455 2480 4540; x_wconf 80' lang='lat' dir='ltr'><strong>posuerunt.</strong></span> 
     </span>
    </p>
   </div>
  </div>
 </body>
</html>
