3142 5042
1383 194 1679 258 ...8.-

295 424 403 491 hic
445 432 509 491 et
550 423 701 506 illic,
744 425 1091 510 respondet
1135 421 1355 503 Sosia3
1403 416 1574 506 quod
1636 440 2025 505 quamquam
2078 418 2312 485 mirum
2368 417 2752 507 quibusdam

297 528 571 596 videtur.
617 527 772 614 quin
813 527 971 592 mihi
1013 527 1157 615 ipsi,
1202 549 1427 591 verum
1470 532 1686 588 tamen
1732 532 1877 588 est«

600 630 875 718 Amph.
934 630 1087 695 781:
1135 628 1289 716 quid
1346 651 1464 714 ego
1512 624 1746 692 video?
1802 623 1963 690 haec
2007 634 2147 691 east
2183 624 2467 706 profecto
2514 634 2754 710 patera.

601 731 872 821 Amph.
919 733 1076 798 844;
1127 732 1442 798 delenitus
1490 751 1635 794 sum
1691 729 1972 810 profecto
2014 727 2125 810 ita,
2181 736 2252 793 ut
2304 749 2409 796 me
2465 723 2575 812 qui
2634 723 2755 789 sim

290 837 594 905 nesciam.
642 858 701 896 ><
747 835 1159 925 Amphitruo'
1166 858 1198 902 s
1233 833 1543 916 profecto,

499 942 575 1007 In
617 939 743 1005 hoc
799 962 922 1004 uno
980 961 1173 1005 versu
1216 947 1550 1024 utramque
1597 934 2127 1021 significationem
2158 943 2529 1021 usurpatam
2571 953 2754 1017 repe-

291 1042 491 1109 rimus
536 1042 647 1123 ita,
692 1050 765 1106 ut
817 1042 994 1130 prius
1037 1041 1403 1129 »profecto«
1471 1037 1965 1104 exclamativum
2030 1038 2115 1103 sit
2156 1064 2227 1090 Ξ
2277 1035 2578 1118 fiirwahr,
2649 1033 2752 1099 bei

293 1146 479 1227 Gott,
541 1143 950 1230 wahrhaftig,
1017 1144 1215 1209 altero
1284 1165 1438 1209 vero
1503 1140 1657 1227 quid
1714 1149 2138 1210 asseveretur.
2224 1144 2356 1206 »Du
2398 1140 2637 1205 kannst
2681 1160 2750 1203 es

292 1247 494 1314 schon
535 1248 830 1334 glauben,
877 1247 963 1311 du
990 1247 1121 1312 bist
1164 1245 1452 1313 wirklich
1497 1244 1611 1310 der
1653 1243 2084 1332 Amphitruo«
2130 1243 2477 1332 respondet
2522 1262 2748 1309 servus

288 1374 530 1438 procax
573 1350 829 1417 domino
873 1373 1077 1436 paene
1123 1349 1379 1417 amenti.

596 1452 864 1519 Bacch
932 1453 1074 1518 741:
1124 1463 1187 1518 et
1221 1451 1510 1533 profecto
1556 1473 1626 1516 se
1672 1451 2034 1516 ablaturum
2057 1450 2238 1520 dixit.

595 1555 876 1623 Bacch.
925 1557 1077 1622 520:
1114 1559 1399 1638 profecto
1445 1553 1739 1620 stabilest
1782 1575 1886 1619 me
1917 1554 2085 1640 patri
2130 1576 2355 1619 aurum
2398 1551 2687 1618 reddere.

599 1656 796 1725 Cist.
842 1658 955 1738 IV,
1002 1660 1062 1740 2,
1109 1660 1222 1726 90:
1288 1681 1441 1724 nam
1514 1666 1737 1723 nostra
1804 1657 2063 1722 alumna
2123 1657 2285 1723 haec
2326 1665 2439 1722 tua
2467 1656 2753 1739 profecto

496 1770 596 1826 est
635 1760 786 1826 filia.

596 1863 782 1929 Rud.
834 1865 1027 1931 1092:
1075 1887 1151 1930 ea
1195 1872 1293 1930 est
1321 1863 1612 1945 profecto
1659 1864 1787 1948 (sie
1830 1863 1916 1930 ist
1960 1886 2029 1929 es
2069 1863 2412 1950 wirklich).

595 1966 759 2036 Mil.
804 1968 959 2032 290:
1016 1969 1128 2055 pol
1158 1967 1440 2049 profecto
1489 1965 1638 2033 vidi.

595 2068 666 2135 M
685 2081 858 2137 oste
874 2071 1070 2137 1082:
1116 2070 1314 2136 immo
1361 2070 1591 2157 edepol
1634 2078 1827 2155 negat
1856 2070 2141 2151 profecto
2181 2092 2390 2158 neque
2446 2093 2518 2138 se
2562 2070 2757 2137 hasce

507 2172 685 2238 aedis
729 2172 1084 2240 Philolachi
1131 2173 1517 2240 vendidisse.

596 2279 822 2343 Poen.
876 2271 1072 2342 1349:
1118 2298 1302 2342 meae
1347 2276 1610 2361 quidem
1650 2276 1934 2356 profecto
1978 2300 2109 2342 non
2155 2286 2320 2343 sunt.

596 2378 786 2444 Rud.
853 2380 1009 2444 914:
1087 2378 1297 2444 nullus
1366 2389 1480 2443 est.
1543 2402 1601 2440 ><
1665 2379 1863 2444 immo
1923 2388 2019 2444 est
2063 2379 2368 2461 profecto.
2452 2402 2589 2466 ego,
2645 2379 2752 2466 qui

499 2503 643 2546 sum
686 2482 987 2568 piscator,
1045 2482 1197 2548 scio.

602 2584 791 2651 Rud.
841 2585 1031 2650 1237:
1071 2585 1361 2666 profecto
1405 2595 1506 2651 est
1547 2584 1736 2649 huius
1774 2584 2049 2651 vidulus.

608 2687 821 2753 Trin.
871 2689 1068 2754 1072:
1116 2697 1337 2754 certe
1379 2689 1437 2753 is
1485 2698 1602 2770 est,
1645 2688 1703 2753 is
1750 2696 1852 2754 est
1878 2689 2185 2771 profecta

468 2788 681 2871 Quem
724 2814 984 2858 versum
1031 2792 1398 2876 diligentius
1442 2791 1750 2880 inspicias
1807 2792 2035 2875 velim,
2095 2792 2266 2879 quod
2321 2792 2602 2858 maximo
2660 2804 2759 2857 est

297 2892 696 2973 documento,
744 2895 898 2981 quid
941 2895 1194 2961 intersit
1234 2894 1401 2960 inter
1442 2896 1900 2984 particularum
1943 2901 2102 2961 certe
2147 2905 2210 2961 et
2239 2895 2526 2977 profecto
2573 2918 2759 2961 usum

294 2994 683 3063 Plautinum.
771 2997 903 3064 Hic
948 3009 1046 3063 est
1086 2998 1451 3085 »profecto«
1494 2999 1694 3064 multo
1741 2997 2181 3065 vehementius
2229 3022 2421 3085 quam
2473 3006 2747 3064 »certe«t

298 3099 656 3165 contrarius
704 3123 855 3187 ergo
901 3123 1056 3166 usus
1088 3110 1279 3188 atque
1310 3100 1480 3188 apud
1512 3100 1925 3184 Ciceronem3
1960 3101 2075 3166 sed
2112 3101 2190 3166 de
2219 3101 2344 3167 hac
2370 3124 2442 3168 re
2471 3100 2758 3189 posthac.

470 3198 810 3289 Copiosius
843 3202 1297 3291 disputandum
1319 3204 1566 3270 videtur
1598 3204 1677 3269 de
1708 3205 1945 3290 insigni
1971 3213 2314 3287 structura,
2347 3227 2509 3292 quae
2540 3204 2757 3269 Plauti

295 3305 558 3391 propria
599 3314 698 3372 ter
740 3306 1091 3373 invenitur:
1125 3306 1410 3388 profecto
1453 3307 1677 3371 nescia

607 3408 870 3475 Bacch
935 3409 1089 3474 323:
1151 3432 1372 3474 verum
1414 3432 1638 3476 verum
1691 3410 1906 3475 nescio
1950 3415 2266 3492 profecto,
2324 3410 2402 3476 de
2458 3434 2612 3476 auro
2668 3411 2760 3475 nil

505 3513 638 3579 scio
683 3513 806 3578 nisi
846 3512 1085 3579 nescio.

604 3616 887 3682 Pseud.
934 3616 1088 3682 894:
1121 3615 1426 3697 profectO,
1459 3615 1612 3701 quid
1657 3639 1824 3682 nunc
1877 3617 2151 3699 primum
2194 3639 2478 3699 caveam,
2522 3617 2760 3684 nescio.

607 3719 723 3785 Ru
738 3720 798 3785 d.
846 3720 1000 3784 662:
1033 3743 1184 3785 nam
1211 3718 1362 3784 huic
1392 3718 1628 3784 alterae
1661 3742 1822 3806 quae
1851 3721 2062 3807 patria
2086 3721 2186 3798 sit,
2205 3720 2492 3802 profecto
2522 3721 2757 3787 nescio.

472 3820 688 3889 Verbo
732 3821 1060 3888 nesciendi
1090 3822 1498 3888 coniunctum
1509 3823 1797 3904 profecto
1826 3847 1958 3889 non
1986 3823 2111 3888 nisi
2147 3823 2229 3888 ad
2260 3822 2759 3890 asseverandum

303 3923 594 3997 adhiberi
635 3948 752 4014 per
808 3947 876 3990 se
917 3932 1097 4013 patet
1148 3947 1355 4010 neque
1399 3924 1610 3991 minus
1644 3926 1935 4008 profecto
1978 3926 2085 3991 hic
2127 3926 2302 3992 idem
2323 3926 2541 3993 valere
2587 3927 2759 4014 quod

301 4037 528 4116 postea
583 4033 835 4094 »certe«.
944 4030 1038 4094 At
1101 4049 1314 4093 nonne
1367 4027 1619 4094 mireris
1673 4034 1861 4094 »certe
1913 4029 2148 4095 nescio«
2201 4054 2333 4096 non
2389 4053 2530 4097 esse
2588 4031 2759 4119 apud

301 4131 639 4197 Plautum?
707 4129 900 4212 Quod
954 4140 1025 4197 ut
1076 4131 1234 4197 mihi
1299 4131 1632 4218 explanem
1647 4183 1661 4210 ,
1727 4131 1820 4196 ita
1880 4142 2316 4219 argumentor:
2382 4143 2630 4200 »certe«
2690 4134 2758 4198 in

304 4256 424 4299 usu
465 4234 785 4316 PlautinO,
837 4243 910 4299 ut
950 4235 1450 4302 luculentissime
1493 4234 1756 4299 LANGEN
1812 4235 1850 4300 l.
1910 4258 1960 4301 c.
2017 4259 2079 4323 p.
2136 4236 2220 4299 24
2274 4236 2756 4318 demonstravit,

302 4359 435 4403 non
491 4338 718 4404 eodem
772 4339 965 4405 modo
1023 4347 1122 4405 est
1188 4338 1506 4427 particula
1568 4338 1934 4404 affirmandi
1988 4362 2113 4426 quo
2179 4350 2434 4427 postea,
2503 4339 2617 4404 sed
2680 4363 2755 4404 eo

304 4440 519 4527 potius
590 4464 853 4508 munere
880 4440 1163 4528 fungitur
1189 4439 1362 4528 quod
1383 4440 1553 4529 apud
1585 4440 1911 4525 classicoS,
1943 4452 2013 4508 ut
2044 4443 2134 4508 ita
2164 4443 2388 4522 dicam,
2414 4443 2756 4530 scriptores
