3142 5042
1398 216 1741 284 ..43-

349 446 656 516 enuntiati
722 444 949 512 habitu
1003 452 1192 530 atque
1246 442 1477 509 colore.
1566 444 1655 510 Et
1703 451 1894 510 recte.
1984 443 2409 510 Notissimum
2448 464 2663 507 nonne
2708 450 2806 507 est

346 552 465 618 has
508 548 893 617 locutiones:
949 545 1298 628 »wahrlich,
1341 545 1654 630 wirklich,
1712 548 1780 612 in
1838 546 1951 613 der
2005 545 2210 614 That«
2263 545 2493 611 Latine
2547 568 2682 611 non
2723 544 2804 609 ad

345 655 615 723 verbum
636 650 822 718 reddi
840 650 966 717 nisi
993 648 1322 737 oppositae
1357 658 1504 716 sunt
1523 650 1782 734 talibus,
1813 673 1973 738 quae
2018 658 2199 715 sunt:
2244 648 2498 737 »specie
2544 648 2803 729 verbo«,

347 758 452 824 sin
493 757 692 839 aliter,
748 759 858 818 aut
911 750 1252 817 verborum
1307 751 1725 822 collocatione
1783 762 1928 821 aut
1944 753 2142 877 totius
2197 752 2498 819 circuitus
2560 774 2805 817 conexu

348 856 791 947 compensari?

518 961 741 1029 Affero
781 981 955 1025 nunc
998 966 1242 1025 ceteras
1288 960 1753 1027 enuntiationes
1806 960 2129 1038 relativaS,
2187 980 2347 1045 quas
2393 955 2799 1046 parenthesis

348 1066 493 1133 loco
539 1086 681 1131 esse
721 1085 911 1129 nemo
954 1085 1084 1128 non
1130 1063 1477 1148 cognoscit.

519 1166 584 1238 d·
623 1166 760 1236 fin.
813 1167 876 1248 2,
931 1165 1043 1231 20:
1089 1165 1158 1231 in
1198 1164 1325 1230 alio
1370 1188 1525 1233 vero
1568 1167 1736 1234 libro
1782 1215 1794 1229 .
1840 1214 1858 1233 .
1903 1217 1917 1231 .
1963 1164 2188 1231 scribit
2224 1164 2327 1229 his
2370 1161 2609 1251 vermez,
2645 1183 2810 1249 quae

344 1280 499 1339 nota
539 1270 658 1337 tibi
687 1268 975 1352 profecto
1031 1277 1179 1333 sunt
1222 1305 1303 1315 —
1348 1267 1478 1333 und
1523 1269 1699 1336 diese
1745 1269 1890 1336 sind
1934 1269 2034 1334 dir
2076 1268 2241 1335 doch
2288 1267 2455 1335 wohl
2499 1266 2804 1332 bekannt.

518 1375 676 1441 Att.
723 1374 780 1450 3,
827 1372 890 1454 9,
937 1372 1005 1440 1·
1058 1380 1248 1458 atque
1293 1371 1485 1436 etiam
1526 1370 1684 1437 illud
1725 1371 2050 1451 timebam,
2105 1370 2278 1461 quod
2315 1370 2595 1453 profecto
2637 1368 2807 1435 acci-

348 1479 569 1558 disset,
611 1498 695 1542 ne
739 1497 779 1539 a
821 1497 926 1540 me
969 1472 1211 1560 digredi
1255 1497 1387 1539 non
1430 1483 1666 1562 posset

516 1580 744 1646 Rosc.
792 1577 944 1644 150·
1001 1577 1102 1642 sin
1145 1600 1220 1643 ea
1264 1576 1604 1643 crudelitas
1652 1626 1667 1640 .
1711 1625 1728 1642 .
1774 1626 1791 1644 .
1836 1587 2084 1644 vestros
2129 1601 2381 1666 quoque
2428 1577 2677 1642 animos
2725 1613 2809 1626 —-

347 1684 417 1751 id
460 1681 633 1771 quod
669 1680 812 1747 fieri
849 1680 1134 1762 profecto
1174 1703 1306 1747 non
1349 1688 1563 1769 potest
1608 1718 1686 1730 --
1734 1680 2023 1748 duriores
2068 1681 2557 1768 acerbioresque
2594 1678 2808 1745 reddi-

350 1785 462 1865 dit,
506 1793 720 1852 actum
764 1792 881 1852 est.

522 1888 742 1955 Font.
786 1887 901 1953 27:
946 1887 1058 1952 An
1103 1885 1157 1952 si
1200 1885 1495 1953 homines
1537 1887 1719 1976 ipsos
1766 1895 2056 1975 spectare
2099 1886 2591 1953 convenit—id
2638 1884 2810 1973 quod

350 1992 419 2058 in
464 2001 622 2058 teste
656 1990 942 2072 profecto
985 1990 1200 2056 valere
1238 1990 1586 2077 plurimum
1632 1990 1823 2057 debet
1864 2027 1953 2042 -<
1991 2013 2121 2055 non
2167 1990 2505 2078 quisquam
2549 2010 2810 2076 compa-

351 2094 589 2161 randus
637 2100 792 2160 est.

557 2196 962 2264 Praeterea
942 2219 1011 2261 ιιι
1054 2218 1318 2262 censum
1360 2194 1655 2262 veniunt:

528 2298 1382 2383 or.97;Att.11„;32
1432 2297 2810 2383 12,14,3;15,11,2;,‚;31532‚,20

353 2405 427 2486 53
484 2404 804 2488 2,23‚3;
867 2425 976 2488 ep.
1016 2402 1082 2485 4,
1130 2402 1191 2485 2,
1235 2401 1307 2484 2;
1366 2401 1427 2480 6,
1476 2403 1533 2486 1,
1578 2402 1647 2483 6;
1731 2402 1986 2468 adBr
2037 2403 2350 2487 1,16‚5;
2416 2402 2631 2468 Font
2694 2400 2811 2481 453

352 2507 514 2574 Mil.
559 2509 622 2582 2,

527 2608 566 2696 ξ
610 2609 667 2674 3.
757 2608 902 2674 Hac
944 2630 1196 2696 quoque
1238 2600 1612 2694 quaestione
1657 2607 1740 2673 ad
1781 2609 1975 2675 finem
2020 2608 2329 2697 perducta
2358 2607 2814 2696 comprobasse

355 2713 670 2792 videmur,
715 2712 869 2798 quid
915 2710 1322 2779 Ciceroniani
1365 2712 1685 2793 »profecto
1700 2739 1727 2769 α
1770 2713 2119 2801 particulae
2163 2734 2318 2778 usus
2350 2711 2434 2777 sit
2461 2711 2813 2801 proprium,

354 2817 628 2903 insigne,
672 2814 1011 2906 peculiare.
1086 2813 1205 2882 Sin
1259 2814 1327 2879 in
1385 2823 1673 2880 extrema
1734 2816 2061 2902 superiore
2118 2814 2547 2903 disputatione
2609 2814 2805 2879 inter-

355 2920 647 2986 misimus
672 2941 1054 3007 unoquoque
1075 2917 1218 2983 loco
1250 2916 1577 2983 notionem
1600 2918 1789 2983 huius
1810 2918 2155 3005 particulae
2168 2918 2461 2992 enodare,
2488 2917 2813 2983 ensuimus

356 3022 461 3088 his
486 3023 647 3111 ipsis
682 3022 841 3088 locis
864 3020 1216 3108 planiorem
1246 3042 1389 3085 eam
1433 3043 1593 3100 esse,
1639 3044 1833 3109 quam
1874 3030 1946 3087 ut
1987 3021 2224 3088 diserte
2270 3019 2684 3110 exprimenda
2714 3020 2815 3086 sit.

533 3123 663 3206 Qui
705 3132 952 3191 restant
993 3124 1137 3207 loci,
1165 3122 1539 3211 paucissimi
1568 3145 1725 3190 sane
1754 3148 1910 3212 prae
1940 3126 2187 3210 ceteris,
2204 3148 2375 3191 nunc
2396 3123 2816 3214 proferentur,

358 3252 442 3295 ne
492 3229 561 3295 in
613 3228 892 3295 levitatis
946 3226 1511 3315 reprehensionem
1555 3250 1757 3316 opera
1796 3237 2019 3295 nostra
2061 3229 2364 3310 incurrat,
2427 3239 2614 3316 atque
2657 3250 2815 3293 non-

359 3332 516 3398 nulli
582 3330 951 3417 singillatim
1023 3329 1433 3414 disserentur,
1518 3332 1892 3419 praesertim
1965 3355 2110 3399 cum
2182 3332 2437 3400 occasio
2512 3331 2817 3443 offeratur

358 3434 735 3522 antiquioris
779 3455 934 3499 usus
978 3433 1255 3518 vestigia
1298 3433 1615 3522 quaedam
1656 3434 2025 3523 indagandi
2393 3448 2402 3456 ‘

527 3539 632 3605 Ac
694 3536 973 3624 primum
1037 3535 1294 3622 quidem
1355 3538 1723 3620 »profecto«
1789 3547 1861 3604 ut
1926 3563 2124 3628 supra
2178 3538 2349 3627 apud
2401 3537 2699 3603 Plautum
2757 3544 2821 3602 et

360 3642 725 3709 Terentium
756 3638 1170 3718 ostendimu8‚
1199 3649 1542 3728 usurpatur
1570 3642 1640 3706 in
1669 3643 2219 3728 responsionibus,
2250 3642 2343 3708 ita
2365 3666 2403 3707 a
2426 3640 2817 3707 comicorum

359 3754 694 3833 poetarum
746 3743 996 3811 ratione
1054 3742 1428 3827 abhorrens,
1482 3753 1555 3808 ut
1595 3744 2147 3831 interrogationes,
2202 3767 2365 3833 quae
2408 3743 2817 3831 praecedunt,

359 3848 660 3916 rhetorici
724 3848 854 3916 sint
896 3845 1130 3914 coloris
1187 3856 1378 3934 atque
1420 3883 1507 3895 —
1547 3846 1617 3912 id
1665 3847 1838 3934 quod
1881 3857 1981 3917 est
2021 3849 2475 3937 gravissimum
2519 3884 2603 3896 —
2649 3845 2820 3933 apud

360 3952 505 4019 illos
571 3951 671 4017 vis
730 3949 1170 4039 responsionis
1235 3950 1550 4037 particula
1613 3959 1935 4038 augeatur,
1998 3954 2171 4042 apud
2228 3952 2609 4021 Ciceronem
2663 3971 2819 4015 vero

357 4055 569 4145 potius
614 4054 1016 4123 diminuatur.
1101 4053 1214 4120 Ad
1267 4053 1772 4121 confirmandam
1810 4057 2295 4145 responsionem
2342 4047 2541 4123 utitur
2587 4052 2816 4121 Cicero

357 4166 571 4227 »certe
588 4184 616 4215 α
658 4158 984 4246 particula.

665 4256 966 4348 Exempli
1009 4282 1204 4327 causa
1247 4260 1444 4326 affero
1488 4260 1660 4328 hunc
1701 4262 1953 4328 locum:

531 4360 593 4428 d.
669 4361 726 4426 d.
796 4374 947 4430 nat.
1023 4364 1081 4445 1,
1155 4363 1267 4429 84:
1349 4386 1430 4429 an
1486 4373 1557 4429 tu
1612 4365 1739 4431 mei
1792 4364 2062 4432 similem
2119 4375 2306 4453 putas
2364 4387 2506 4431 esse
2578 4352 2698 4429 aut'
2751 4375 2820 4429 tu

363 4465 594 4532 deum?
628 4467 915 4553 profecto
957 4490 1088 4535 non
1130 4476 1338 4554 putas.
1382 4505 1457 4517 -
1493 4468 1729 4535 meinst
1771 4467 1855 4533 du
1901 4477 2079 4549 etwa,
2125 4469 2274 4535 dass
2322 4466 2482 4535 Grott
2524 4466 2624 4537 dir
2668 4465 2822 4534 oder
