3142 5042
1343 204 1687 269 ...29-

462 428 547 495 d..
576 450 676 493 or,
709 425 767 504 3,
802 424 960 494 145:
1013 426 1069 492 si
1111 448 1227 512 ego
1271 447 1414 491 sum
1441 425 1704 509 tardior,
1726 426 2014 512 profecto
2033 449 2380 513 numquam
2410 427 2748 513 conquies-

294 552 438 595 cam
482 551 691 617 neque
736 528 1153 614 defatigabor,
1199 538 1541 615 antequam
1586 581 1599 595 .
1632 579 1647 594 .

474 655 575 698 or.
628 631 780 696 148:
830 654 994 717 quae
1040 631 1096 696 si
1141 639 1326 696 erunt
1365 631 1702 717 perfectae,
1748 633 2032 717 profecto
2092 632 2454 701 forensibus
2508 631 2747 697 nostris

288 737 483 802 rebus
547 734 738 800 etiam
786 733 1177 805 domesticae
1219 732 1469 799 litterae
1513 736 2008 824 respondebunt.

464 839 523 904 d.
569 840 867 905 invent.
919 838 984 914 1,
1044 836 1156 902 52:
1203 835 1331 900 nisi
1372 835 1498 902 hoc
1540 837 1934 924 perfeceritis
1982 890 1996 903 .
2028 886 2045 906 .
2073 887 2120 922 .‚
2166 838 2451 925 profecto
2497 861 2749 926 semper

287 940 376 1024 id,
425 942 600 1029 quod
650 941 957 1028 optimum
1004 938 1309 1029 putabitis
1354 961 1515 1019 esse,
1558 942 1759 1007 multo
1805 942 2082 1007 maxime
2126 942 2483 1029 requiretis,

461 1044 583 1109 Br.
642 1044 799 1108 2001
871 1066 948 1110 ea
1006 1046 1062 1110 si
1115 1045 1503 1135 praeteriens
1561 1093 1574 1107 .
1617 1094 1630 1108 .
1668 1094 1682 1107 .
1743 1045 2091 1133 aspexerit,
2146 1054 2363 1112 tamen
2429 1052 2746 1110 oratorem

289 1147 544 1214 versari
585 1147 655 1211 in
694 1147 805 1212 illo
865 1146 1100 1214 iudicio
1147 1201 1158 1214 .
1191 1201 1202 1214 .
1236 1201 1248 1214 .
1294 1148 1577 1232 profecto
1631 1147 1967 1233 intelleget.
2123 1148 2124 1151 ’

469 1249 526 1314 d.
575 1248 723 1314 div.
771 1251 840 1327 2,
887 1250 956 1313 6:
1012 1250 1183 1337 quod
1240 1272 1544 1332 assequar
1578 1250 1878 1335 profecte,
1934 1250 1989 1315 si
2042 1250 2331 1316 instituta
2385 1250 2734 1338 perfecero,

466 1354 620 1418 Att.
671 1352 742 1430 4,
794 1354 855 1430 l,
901 1355 969 1415 2:
1036 1353 1163 1419 nisi
1207 1353 1698 1441 praetermissos
1741 1355 1985 1419 fructus
2042 1362 2191 1419 tuae
2248 1353 2582 1421 suavitatis
2632 1404 2646 1419 .
2680 1404 2693 1417 .
2730 1404 2745 1418 .

291 1478 583 1543 exegero,
625 1455 905 1540 profecto
949 1455 1072 1520 hac
1111 1456 1509 1522 restitutione
1533 1456 1828 1522 fortunae
1853 1479 1958 1522 me
1986 1480 2118 1522 non
2142 1456 2400 1543 dignum
2430 1455 2745 1522 iudicabO.

462 1559 624 1623 Att.
669 1557 739 1640 5,
787 1558 897 1637 18,
943 1558 1012 1624 3:
1072 1560 1356 1644 profecto
1398 1558 1560 1624 nihil
1604 1559 1917 1647 accipiam
1957 1559 2246 1638 iniuriae,
2304 1561 2359 1625 si
2400 1569 2471 1625 tu
2516 1559 2745 1627 aderis,

460 1663 621 1730 Att.
667 1661 738 1742 9,
788 1663 936 1740 lla,
983 1663 1052 1726 21
1100 1662 1274 1750 quod
1307 1663 1364 1727 si
1391 1662 1482 1727 ita
1503 1671 1642 1728 est.
1678 1712 1751 1741 ..‚
1787 1663 2069 1747 profecto
2101 1663 2381 1748 reperies
2409 1662 2745 1729 neminem.

461 1788 569 1852 ep.
634 1771 697 1843 1,
757 1764 824 1842 8,
882 1767 950 1830 31
1021 1766 1192 1852 quod
1237 1767 1522 1852 profecto
1592 1765 1853 1845 faciam,
1930 1766 1986 1832 si
2049 1765 2206 1831 mihi
2273 1789 2387 1853 per
2461 1765 2747 1832 eiusdem

291 1867 638 1935 amicitiam
668 1867 899 1934 licebit.

458 1972 617 2036 Att.
665 1971 770 2049 11,
817 1972 928 2049 22,
977 1972 1044 2039 21
1095 1971 1379 2058 profecto
1424 1972 1664 2058 aliquid
1707 1972 2058 2060 profecero,
2103 1972 2159 2035 si
2203 1970 2271 2036 id
2318 1971 2639 2037 acciderit.

458 2098 554 2163 ep.
603 2077 671 2152 2,
721 2075 831 2153 16,
878 2074 954 2139 6:
1003 2075 1058 2140 si
1100 2075 1354 2161 quando
1389 2076 1511 2141 erit
1540 2075 1786 2155 civitaS,
1832 2076 1954 2141 erit
1984 2075 2268 2161 profecto
2310 2074 2499 2140 nobis
2543 2074 2746 2143 locus,

460 2199 565 2265 ep.
613 2177 672 2253 5,
718 2178 777 2256 9,
823 2178 892 2242 2:
943 2185 1007 2241 et
1051 2178 1334 2262 profecto
1385 2178 1505 2245 tibi
1547 2178 1726 2244 illum
1781 2179 2114 2267 reperiam,
2169 2178 2293 2243 nisi
2360 2178 2414 2241 si
2467 2177 2536 2242 in
2589 2178 2746 2242 Dal-

288 2280 552 2346 matiam
599 2280 928 2367 aufugerit.

462 2407 566 2472 ep.
613 2386 670 2463 6,
717 2389 774 2463 2,
819 2384 891 2452 31
938 2381 1122 2464 Quae
1168 2384 1266 2450 vis
1310 2384 1466 2450 insit
1505 2384 1576 2451 in
1617 2384 1718 2450 his
1761 2383 2262 2472 paucis‘verbis‚
2288 2434 2305 2452 .
2337 2431 2352 2449 .
2382 2435 2396 2450 .
2442 2382 2497 2448 si
2540 2390 2744 2449 atten-

297 2485 428 2564 des,
473 2487 644 2571 quod
685 2487 862 2565 facis,
897 2485 1182 2572 profecto
1228 2488 1422 2553 etiam
1469 2488 1607 2553 sine
1651 2488 1811 2554 meis
1856 2487 2084 2552 litteris
2130 2486 2477 2573 intelleges,

465 2610 575 2674 ep.
623 2590 691 2667 7,
738 2589 801 2669 1,
851 2590 920 2654 5:
969 2590 1025 2656 si
1068 2614 1170 2657 me
1213 2591 1505 2657 relaxaro
1553 2642 1568 2656 .
1603 2642 1618 2656 .
1653 2643 1668 2660 .
1714 2600 1778 2657 te
1820 2591 2034 2680 ipsum
2078 2590 2323 2657 docebo
2354 2588 2655 2674 profecto,

466 2713 574 2777 ep.
641 2692 737 2770 11,
795 2694 853 2775 5,
899 2695 968 2760 2:
1036 2693 1135 2761 Tu
1174 2696 1226 2759 si
1275 2694 1411 2759 dies
1454 2703 1807 2781 noctesque
1850 2693 2217 2760 memineris
2264 2741 2277 2755 .
2324 2740 2336 2755 .
2385 2741 2397 2754 .
2443 2700 2745 2780 quantam

286 2816 424 2859 rem
467 2795 768 2881 gesseris,
809 2821 941 2863 non
988 2797 1366 2864 obliviscere
1411 2797 1713 2882 profecta

457 2901 612 2963 Att.
647 2898 744 2979 14,
779 2901 917 2965 132..
952 2905 1021 2965 2:
1055 2898 1170 2965 sed
1197 2899 1577 2980 mehercule,
1610 2901 1667 2966 si
1693 2900 2088 2967 humaniter.
2122 2946 2137 2962 .
2171 2946 2187 2963 .
2217 2898 2285 2963 in
2327 2921 2431 2963 me
2464 2897 2744 2985 cogitare

283 3001 402 3080 viS,
459 3000 714 3068 facilem
746 3003 1030 3087 profecto
1071 3011 1136 3068 te
1178 3004 1535 3091 praebebis.

461 3104 569 3171 ad.
612 3105 820 3172 Brut.
868 3107 933 3185 1,
983 3106 1078 3171 13.
1133 3107 1197 3170 1:
1251 3107 1377 3173 hoc
1421 3107 1475 3172 si
1522 3131 1561 3172 a
1615 3115 1681 3172 te
1721 3107 2025 3194 impetro,
2076 3104 2238 3171 nihil
2287 3104 2570 3188 profecto
2626 3103 2744 3169 du-

285 3208 525 3273 bitabis
569 3231 688 3294 pro
731 3210 812 3274 iis
859 3210 1202 3298 suscipere.

458 3310 618 3380 div.
661 3311 741 3377 in
786 3310 1007 3379 Caec.
1057 3313 1122 3379 11
1173 3313 1228 3379 si
1273 3313 1415 3399 quis
1461 3323 1748 3379 vestrum
1793 3364 1852 3381 ..
1886 3362 1900 3377 .
1954 3313 2119 3378 forte
2173 3313 2444 3378 miratur
2486 3332 2591 3376 me
2636 3356 2651 3374 .
2679 3357 2696 3375 .
2728 3358 2743 3374 .

285 3413 500 3479 subito
543 3438 712 3481 nunc
755 3424 1002 3481 mutata
1046 3416 1370 3484 voluntate
1432 3416 1516 3483 ad
1578 3417 2010 3483 accusandum
2062 3414 2472 3491 descendere,
2537 3412 2594 3478 is
2612 3461 2626 3490 ,
2689 3412 2746 3477 si

284 3517 416 3582 mei
489 3517 739 3584 consilii
811 3541 1075 3586 causam
1137 3568 1150 3583 .
1196 3570 1211 3585 .
1257 3569 1273 3586 .
1329 3520 1728 3606 cognoverit,
1807 3542 1934 3584 una
2010 3529 2074 3584 et
2142 3519 2241 3596 id,
2316 3515 2492 3603 quod
2557 3515 2745 3594 facio,

286 3621 590 3705 probabit
641 3631 705 3687 et
745 3622 814 3687 in
859 3622 983 3688 hae
1035 3645 1232 3689 causa
1288 3623 1564 3708 profecto
1629 3622 1951 3689 neminem
2008 3618 2531 3708 praeponendum
2589 3617 2746 3682 mihi

290 3743 428 3788 esse
484 3726 771 3792 actorem
812 3726 1078 3813 putabit.

457 3827 607 3895 div.
652 3829 731 3894 in
777 3828 992 3896 Caco.
1040 3829 1150 3894 70:
1198 3829 1257 3895 si
1297 3852 1378 3894 ne
1421 3828 1547 3894 hoc
1591 3828 1864 3915 quidem,
1919 3825 2227 3916 prodesse
2287 3824 2537 3914 poterit,
2586 3843 2743 3909 pro-

281 3928 442 4017 fecto
482 3931 660 3998 nulla
702 3955 1008 4019 umquam
1050 3931 1369 3998 medicina
1413 3980 1441 3996 ..
1463 3983 1476 3998 .
1507 3979 1523 3996 .
1569 3931 1940 4019 reperietur.

457 4034 602 4101 div,
645 4035 725 4099 in
771 4034 998 4103 anc.
1041 4036 1155 4102 55:
1217 4058 1369 4101 nam
1420 4033 1544 4101 iste
1601 4057 1742 4100 eam
1787 4034 2102 4120 profeetO,
2156 4031 2280 4098 nisi
2338 4032 2527 4120 plane
2584 4029 2742 4095 nihil

281 4137 468 4224 sapit,
511 4160 861 4224 numquam
903 4137 1201 4226 proferet.

454 4240 666 4307 Verr.
710 4243 780 4320 2,
833 4242 980 4308 175:
1018 4242 1319 4326 profecw,
1362 4242 1419 4307 si
1456 4250 1629 4309 recte
1656 4241 1952 4307 homines
1980 4238 2155 4320 novi,
2184 4260 2317 4304 non
2345 4235 2741 4301 mentientur.

453 4343 559 4410 Fo
579 4353 682 4411 nt.
740 4344 854 4410 251
901 4367 1068 4435 quae
1114 4345 1171 4410 si
1211 4343 1405 4411 iudex
1446 4368 1575 4411 non
1617 4344 2035 4432 amplectetur
2065 4342 2281 4409 omnia
2310 4337 2575 4406 consilio
2609 4387 2624 4403 .
2659 4388 2676 4403 .
2707 4388 2739 4421 .,

271 4445 562 4531 profecto
606 4447 763 4514 satis
811 4447 932 4513 erit
971 4498 985 4514 .
1019 4496 1034 4511 .
1067 4496 1083 4513 .
1129 4471 1259 4514 non
1307 4447 1569 4514 surdum
1609 4447 1885 4513 iudicem
1927 4445 2075 4512 huic
2125 4443 2373 4511 muneri
2416 4463 2738 4532 praeesse.
