3142 5042
1372 254 1714 320 ...10-

316 480 458 549 fieri
500 504 634 551 non
676 493 906 574 potest,
953 493 1024 551 ut
1068 494 1240 552 certo
1288 481 1449 549 sciat
1469 480 1847 565 Palaestrio,
1881 502 2161 567 quonam
2207 504 2277 547 se
2322 479 2663 548 collaturus
2695 480 2779 548 sit

313 586 695 669 Pleusicles3
729 598 944 655 tamen
986 612 1067 655 ex
1106 611 1321 656 rerum
1365 585 1737 652 condicione
1767 594 2054 675 potestas
2087 584 2443 652 coniciendi
2479 585 2537 651 ei
2570 586 2775 651 datur.

619 691 873 757 Persa
920 693 1029 758 14:
1074 693 1132 758 is
1178 700 1277 757 est
1307 689 1615 773 profecto,

487 794 753 861 Toxilus
813 806 876 861 et
919 795 1276 882 Sagaristio
1325 793 1518 875 servi,
1564 791 1891 881 quondam
1949 791 2385 858 familiaritate
2441 792 2775 871 coniuncti,

316 897 431 962 sed
465 906 823 986 temporum
869 900 1203 988 iniquitate
1235 896 1542 974 distracti,
1578 897 1967 962 conveniunt
1994 897 2157 962 forte
2187 918 2392 982 neque
2424 907 2778 981 agnoscunt

309 1000 478 1067 inter
533 1023 621 1068 se.
718 1001 984 1069 Toxilus
1039 1011 1217 1067 ratus
1275 1002 1548 1066 alterum
1619 998 2079 1085 Sagaristionis
2151 998 2340 1065 amici
2417 1024 2548 1065 non
2634 1021 2774 1067 esse

314 1103 688 1170 dissimilem
731 1106 1090 1173 verecunde
1135 1104 1315 1171 dicit:
1384 1105 1479 1170 »is
1526 1111 1626 1168 est
1657 1103 1986 1184 profecto«
2049 1112 2112 1169 et
2155 1103 2417 1169 obviam
2469 1104 2521 1169 it
2575 1103 2775 1192 Saga-

311 1207 582 1290 ristioni‚
613 1207 713 1275 oui
734 1232 905 1276 nuno
931 1210 1087 1275 item
1118 1204 1428 1273 succurrit
1471 1206 1776 1293 cogit-atio
1824 1207 2234 1295 peregrinum
2277 1207 2458 1276 illum
2499 1208 2775 1275 fortasse

310 1310 605 1376 Toxilum
672 1331 835 1392 esse,
903 1331 1047 1374 cum
1115 1307 1315 1373 dicat:
1379 1330 1563 1373 »eum
1619 1331 1762 1376 esse
1809 1310 2085 1399 Opinon«
2148 1311 2502 1399 Utramque
2546 1311 2774 1378 locuti-

314 1436 501 1479 onem
548 1414 645 1499 (et
696 1414 791 1478 »is
837 1420 935 1478 est
965 1411 1291 1493 profecto«
1346 1418 1409 1475 et
1450 1434 1636 1477 »eum
1682 1432 1825 1478 esse
1872 1413 2172 1500 opinor«)
2211 1414 2317 1480 hic
2339 1415 2513 1480 idem
2555 1416 2774 1482 valere

313 1517 380 1582 in
423 1525 725 1606 promptu
770 1524 889 1598 est,
935 1514 1238 1601 quoniam
1284 1514 1446 1580 alter
1487 1515 1648 1580 nihil
1692 1515 1925 1582 certius
1973 1516 2094 1582 scit
2135 1518 2350 1583 altero.

615 1620 882 1686 Praeter
944 1617 1065 1683 hos
1119 1618 1293 1683 locos
1309 1668 1327 1698 ,
1394 1618 1502 1704 qui
1558 1618 1932 1705 planissime
1994 1620 2369 1686 recentioris
2426 1619 2774 1709 particulae

303 1722 588 1804 profecto
630 1721 972 1811 potestatis
1016 1720 1290 1807 vestigia
1335 1719 1698 1805 ostendunt,
1741 1721 2047 1788 laudandi
2092 1732 2240 1788 sunt
2279 1723 2379 1788 hi:

617 1825 888 1912 Amph.
940 1822 1134 1889 1084:
1180 1824 1378 1889 immo
1425 1847 1648 1891 omnes
1695 1826 1836 1892 sani
1882 1833 2029 1890 sunt
2067 1828 2366 1908 profecta

617 1929 816 2016 Amfp
830 1928 894 1993 h.
939 1927 1095 1991 492:
1152 1950 1341 1993 nemo
1399 1926 1469 1992 id
1509 1930 1752 2016 probro
1787 1930 2074 2011 profecto
2132 1928 2322 1995 ducet
2365 1932 2771 1998 Alcumenae.

621 2031 784 2120 Cap
797 2040 842 2097 t.
890 2031 1003 2095 54:
1036 2030 1326 2112 profecto
1371 2031 1668 2117 expediet
1708 2031 1966 2098 fabulae
2010 2031 2162 2099 huic
2206 2056 2468 2122 operam
2513 2036 2686 2100 dare.

621 2134 842 2223 Capt.
898 2134 1054 2199 580:
1113 2141 1331 2220 atque,
1405 2142 1476 2198 ut
1560 2135 1914 2221 perspicio,
1977 2136 2254 2217 profecto
2325 2137 2455 2204 iam
2529 2137 2771 2225 aliquid

516 2261 772 2328 pugnae
813 2237 1031 2305 edidit.

614 2342 813 2410 Men.
862 2341 1020 2407 824:
1053 2339 1342 2422 profecto
1384 2338 1547 2404 ludit
1593 2348 1657 2405 te
1702 2339 1825 2406 hic.

481 2442 890 2534 Quamquam
944 2468 1075 2510 non
1133 2465 1276 2509 sum
1327 2442 1585 2508 nescius
1640 2442 1708 2507 in
1772 2443 1896 2510 hac
1949 2453 2077 2510 tam
2133 2445 2352 2512 subtili
2409 2453 2472 2511 et
2526 2445 2769 2511 lubrica

310 2548 683 2634 quaestione
728 2557 791 2614 et
832 2571 998 2635 quae
1041 2548 1318 2612 maxime
1364 2555 1462 2613 est
1518 2545 1919 2613 coniecturae
1966 2550 2261 2629 obnoxia,
2288 2550 2342 2615 si
2370 2573 2502 2615 non
2548 2571 2769 2615 omnes

310 2658 377 2715 at
408 2654 767 2740 complures
799 2651 1206 2717 dissensuros
1253 2672 1395 2716 esse
1441 2648 1613 2714 hunc
1661 2650 1765 2716 vel
1807 2650 1989 2716 illum
2052 2652 2265 2718 locum
2331 2653 2512 2717 aliter
2573 2653 2770 2718 inter-

306 2762 651 2843 pretanteS,
738 2764 953 2821 tamen
1024 2755 1092 2820 id
1174 2776 1318 2819 meo
1393 2753 1531 2817 iure
1588 2752 1971 2820 contendere
2050 2756 2257 2821 ausim
2335 2778 2415 2821 ex
2468 2755 2549 2820 iis
2608 2755 2769 2842 ipsis

306 2858 490 2941 lociS,
534 2881 696 2945 quos
741 2859 974 2947 partim
1021 2858 1315 2924 enarravi
1356 2856 1594 2946 partim
1623 2857 2010 2940 enumeravi,
2038 2859 2193 2924 satis
2225 2880 2534 2947 apparere
2578 2882 2766 2947 prae-

308 2971 406 3028 ter
460 2963 790 3049 vulgarem
858 2960 1219 3027 affirmandi
1270 2960 1728 3050 particularum
1783 2961 2110 3026 notionem
2167 2962 2454 3042 profecto
2511 2962 2643 3028 iam
2701 2963 2771 3027 in

306 3065 605 3131 Plautino
650 3090 771 3133 usu
817 3064 1170 3131 subtilioris
1217 3087 1351 3129 esse
1402 3062 1759 3151 potestatiS,
1805 3085 1968 3149 quae
2012 3064 2262 3150 planius
2296 3088 2489 3152 quam
2531 3065 2766 3133 rectius

312 3168 661 3234 subiective
706 3168 1091 3235 affirmativa
1133 3167 1452 3233 nominari
1497 3175 1724 3254 potest.

484 3271 522 3356 ξ
568 3272 627 3336 4.
713 3273 1051 3338 Postremo
1098 3261 1525 3337 commemor'o
1583 3270 1651 3335 id
1695 3270 1866 3358 quod
1894 3270 2024 3336 iam
2053 3274 2239 3335 HAND
2271 3280 2442 3338 recte
2473 3273 2777 3358 cognovit

309 3374 677 3462 »profecto«
751 3375 1006 3463 saepius
1080 3374 1252 3440 idem
1325 3396 1553 3440 sonare
1640 3396 1718 3441 ac
1782 3396 2145 3462 »prorsus«,
2214 3375 2528 3462 imprimis
2604 3376 2774 3464 apud

309 3479 718 3564 negationes:

619 3580 847 3649 Curc.
907 3581 1055 3646 403.
1102 3580 1247 3646 418.
1294 3581 1442 3645 426.
1530 3579 1693 3646 Mil.
1741 3581 1885 3645 210.
1933 3580 2081 3649 954.
2169 3581 2358 3647 Rud.
2416 3582 2562 3647 244.
2624 3582 2770 3648 337.

514 3684 748 3755 Most.
799 3685 940 3751 836.
1025 3683 1080 3749 P
1104 3683 1311 3750 seud.
1358 3684 1502 3747 903.
1555 3683 1738 3748 1330.
1828 3682 2039 3749 Trin.
2087 3684 2233 3751 511.

479 3787 630 3854 Hac
673 3788 753 3854 de
800 3787 1267 3875 significatione
1313 3786 1684 3874 quaestione
1740 3798 2002 3876 peracta
2045 3796 2262 3870 restat,
2299 3796 2370 3852 ut
2428 3810 2635 3875 pauca
2696 3788 2774 3852 de

309 3915 431 3958 usu
474 3892 891 3979 grammatico
938 3891 1379 3977 adiungamus.

479 3994 678 4060 Haud
696 3994 882 4081 parvi
910 3994 1221 4060 momenti
1242 3992 1492 4060 videtur
1516 4016 1660 4059 esse
1670 3994 1957 4075 profecto
1982 3994 2119 4059 sine
2146 3994 2521 4083 exceptione
2551 4019 2591 4083 p
2606 4017 2772 4060 rae-

311 4097 554 4177 senti‚
623 4096 1007 4185 perfecto,
1071 4097 1342 4162 futuro
1416 4097 1585 4180 addi,
1641 4098 1749 4184 qui
1805 4119 1981 4180 usuS‚
2034 4120 2298 4184 prorsus
2346 4097 2770 4165 Ciceroniano

312 4209 800 4283 consentaneuS,
831 4223 962 4266 non
984 4200 1297 4288 reperitur
1327 4201 1498 4289 apud
1528 4208 1772 4266 ceteras
1795 4199 1862 4265 id
1886 4223 2087 4287 genus
2111 4202 2477 4288 particulaS‚
2503 4225 2665 4290 quae
2711 4210 2775 4266 et

310 4304 685 4392 imperfecto
732 4313 795 4370 et
835 4303 1457 4393 plusquamperfecto
1506 4302 1990 4389 coniunguntur.

482 4408 563 4474 In
609 4406 951 4475 enuntiatis
998 4406 1565 4491 condicionalibuS,
1610 4406 1679 4472 in
1736 4407 1966 4494 quibus
2014 4417 2238 4497 postea
2281 4408 2771 4481 usitatissimum

317 4521 436 4598 est,
480 4511 849 4602 ›profecto‹
904 4511 1104 4580 semel
1147 4518 1443 4599 apparet:
