<?xml version="1.0" encoding="UTF-8"?>
<!DOCTYPE html PUBLIC "-//W3C//DTD XHTML 1.0 Transitional//EN"
    "http://www.w3.org/TR/xhtml1/DTD/xhtml1-transitional.dtd">
<html xmlns="http://www.w3.org/1999/xhtml" xml:lang="en" lang="en">
 <head>
  <title>
</title>
<meta http-equiv="Content-Type" content="text/html;charset=utf-8" />
  <meta name='ocr-system' content='tesseract 3.04.00' />
  <meta name='ocr-capabilities' content='ocr_page ocr_carea ocr_par ocr_line ocrx_word'/>
</head>
<body>
  <div class='ocr_page' id='page_1' title='image "./deaffirmandipar00steigoog_0039.png"; bbox 0 0 3142 5042; ppageno 0'>
   <div class='ocr_carea' id='block_1_1' title="bbox 1312 211 1648 274">
    <p class='ocr_par' dir='ltr' id='par_1_1' title="bbox 1312 211 1648 274">
     <span class='ocr_line' id='line_1_1' title="bbox 1312 211 1648 274; baseline 0.003 -17"><span class='ocrx_word' id='word_1_1' title='bbox 1312 211 1648 274; x_wconf 56' lang='lat' dir='ltr'>...m-</span> 
     </span>
    </p>
   </div>
   <div class='ocr_carea' id='block_1_2' title="bbox 1150 435 1811 520">
    <p class='ocr_par' dir='ltr' id='par_1_2' title="bbox 1150 435 1811 520">
     <span class='ocr_line' id='line_1_2' title="bbox 1150 435 1811 520; baseline 0 -22"><span class='ocrx_word' id='word_1_2' title='bbox 1150 435 1206 498; x_wconf 89' lang='lat'>1.</span> <span class='ocrx_word' id='word_1_3' title='bbox 1255 457 1399 499; x_wconf 90' lang='lat' dir='ltr'>cum</span> <span class='ocrx_word' id='word_1_4' title='bbox 1445 443 1811 520; x_wconf 74' lang='lat' dir='ltr'>praesente:</span> 
     </span>
    </p>
   </div>
   <div class='ocr_carea' id='block_1_3' title="bbox 239 586 2710 1907">
    <p class='ocr_par' dir='ltr' id='par_1_3' title="bbox 415 586 2427 679">
     <span class='ocr_line' id='line_1_3' title="bbox 415 586 2427 679; baseline -0.004 -20"><span class='ocrx_word' id='word_1_5' title='bbox 415 594 470 659; x_wconf 86' lang='lat' dir='ltr'>d.</span> <span class='ocrx_word' id='word_1_6' title='bbox 525 593 666 679; x_wconf 90' lang='lat' dir='ltr'>leg.</span> <span class='ocrx_word' id='word_1_7' title='bbox 720 595 774 656; x_wconf 94' lang='grc'>1.</span> <span class='ocrx_word' id='word_1_8' title='bbox 816 592 889 656; x_wconf 85' lang='grc'>’1;</span> <span class='ocrx_word' id='word_1_9' title='bbox 939 590 995 655; x_wconf 91' lang='grc'>81</span> <span class='ocrx_word' id='word_1_10' title='bbox 1038 598 1255 655; x_wconf 90' lang='lat' dir='ltr'>manet</span> <span class='ocrx_word' id='word_1_11' title='bbox 1296 589 1407 653; x_wconf 92' lang='lat' dir='ltr'>illa</span> <span class='ocrx_word' id='word_1_12' title='bbox 1454 611 1746 678; x_wconf 80' lang='lat' dir='ltr'>quercuS‚</span> <span class='ocrx_word' id='word_1_13' title='bbox 1792 588 1953 655; x_wconf 87' lang='lat' dir='ltr'>haec</span> <span class='ocrx_word' id='word_1_14' title='bbox 1998 595 2094 651; x_wconf 90' lang='lat' dir='ltr'>est</span> <span class='ocrx_word' id='word_1_15' title='bbox 2126 586 2427 670; x_wconf 69' lang='lat' dir='ltr'>profecta</span> 
     </span>
    </p>

    <p class='ocr_par' dir='ltr' id='par_1_4' title="bbox 242 688 2704 883">
     <span class='ocr_line' id='line_1_4' title="bbox 416 688 2704 774; baseline -0.004 -13"><span class='ocrx_word' id='word_1_16' title='bbox 416 696 477 765; x_wconf 93' lang='lat' dir='ltr'>d.</span> <span class='ocrx_word' id='word_1_17' title='bbox 524 695 762 762; x_wconf 87' lang='lat' dir='ltr'>divin.</span> <span class='ocrx_word' id='word_1_18' title='bbox 817 696 869 773; x_wconf 86' lang='lat'>1,</span> <span class='ocrx_word' id='word_1_19' title='bbox 917 694 1068 757; x_wconf 82' lang='lat'>117:</span> <span class='ocrx_word' id='word_1_20' title='bbox 1123 692 1284 757; x_wconf 85' lang='lat' dir='ltr'>haec</span> <span class='ocrx_word' id='word_1_21' title='bbox 1339 693 1395 756; x_wconf 90' lang='lat' dir='ltr'>si</span> <span class='ocrx_word' id='word_1_22' title='bbox 1448 702 1739 757; x_wconf 86' lang='lat' dir='ltr'>tenemus</span> <span class='ocrx_word' id='word_1_23' title='bbox 1785 742 1797 754; x_wconf 93' lang='lat'>.</span> <span class='ocrx_word' id='word_1_24' title='bbox 1839 741 1852 754; x_wconf 92' lang='lat'>.</span> <span class='ocrx_word' id='word_1_25' title='bbox 1888 743 1904 759; x_wconf 90' lang='lat'>.</span> <span class='ocrx_word' id='word_1_26' title='bbox 1937 742 1954 773; x_wconf 90' lang='lat'>‚</span> <span class='ocrx_word' id='word_1_27' title='bbox 2000 688 2283 774; x_wconf 76' lang='lat' dir='ltr'>profecto</span> <span class='ocrx_word' id='word_1_28' title='bbox 2338 688 2704 754; x_wconf 88' lang='lat' dir='ltr'>hominibus</span> 
     </span>
     <span class='ocr_line' id='line_1_5' title="bbox 242 796 1557 883; baseline -0.005 -18"><span class='ocrx_word' id='word_1_29' title='bbox 242 823 280 865; x_wconf 89' lang='lat' dir='ltr'>a</span> <span class='ocrx_word' id='word_1_30' title='bbox 334 798 433 866; x_wconf 91' lang='lat' dir='ltr'>dis</span> <span class='ocrx_word' id='word_1_31' title='bbox 479 798 693 864; x_wconf 84' lang='lat' dir='ltr'>futura</span> <span class='ocrx_word' id='word_1_32' title='bbox 738 796 1087 883; x_wconf 79' lang='lat' dir='ltr'>significari</span> <span class='ocrx_word' id='word_1_33' title='bbox 1129 818 1395 861; x_wconf 88' lang='lat' dir='ltr'>necesse</span> <span class='ocrx_word' id='word_1_34' title='bbox 1441 805 1557 860; x_wconf 87' lang='lat' dir='ltr'>est.</span> 
     </span>
    </p>

    <p class='ocr_par' dir='ltr' id='par_1_5' title="bbox 243 895 2710 1176">
     <span class='ocr_line' id='line_1_6' title="bbox 413 895 2710 991; baseline -0.004 -23"><span class='ocrx_word' id='word_1_35' title='bbox 413 902 679 991; x_wconf 88' lang='lat' dir='ltr'>parad.</span> <span class='ocrx_word' id='word_1_36' title='bbox 729 902 898 980; x_wconf 87' lang='lat' dir='ltr'>1,l5:</span> <span class='ocrx_word' id='word_1_37' title='bbox 960 899 1135 987; x_wconf 86' lang='lat' dir='ltr'>atqui</span> <span class='ocrx_word' id='word_1_38' title='bbox 1180 898 1236 963; x_wconf 90' lang='lat' dir='ltr'>si</span> <span class='ocrx_word' id='word_1_39' title='bbox 1281 898 1626 985; x_wconf 79' lang='lat' dir='ltr'>voluptas,</span> <span class='ocrx_word' id='word_1_40' title='bbox 1666 948 1681 964; x_wconf 91' lang='lat'>.</span> <span class='ocrx_word' id='word_1_41' title='bbox 1727 946 1743 965; x_wconf 92' lang='lat'>.</span> <span class='ocrx_word' id='word_1_42' title='bbox 1797 897 1866 962; x_wconf 91' lang='lat' dir='ltr'>in</span> <span class='ocrx_word' id='word_1_43' title='bbox 1922 897 2111 962; x_wconf 82' lang='lat' dir='ltr'>rebus</span> <span class='ocrx_word' id='word_1_44' title='bbox 2169 896 2355 960; x_wconf 87' lang='lat' dir='ltr'>bonis</span> <span class='ocrx_word' id='word_1_45' title='bbox 2411 895 2710 960; x_wconf 87' lang='lat' dir='ltr'>habenda</span> 
     </span>
     <span class='ocr_line' id='line_1_7' title="bbox 243 998 2709 1090; baseline -0.004 -17"><span class='ocrx_word' id='word_1_46' title='bbox 243 1031 373 1073; x_wconf 89' lang='lat' dir='ltr'>non</span> <span class='ocrx_word' id='word_1_47' title='bbox 440 1015 539 1073; x_wconf 90' lang='lat' dir='ltr'>est</span> <span class='ocrx_word' id='word_1_48' title='bbox 592 1056 606 1070; x_wconf 91' lang='lat'>.</span> <span class='ocrx_word' id='word_1_49' title='bbox 633 1058 646 1071; x_wconf 92' lang='lat'>.</span> <span class='ocrx_word' id='word_1_50' title='bbox 673 1056 686 1069; x_wconf 94' lang='lat'>.</span> <span class='ocrx_word' id='word_1_51' title='bbox 743 1002 1027 1090; x_wconf 78' lang='lat' dir='ltr'>profecto</span> <span class='ocrx_word' id='word_1_52' title='bbox 1082 1001 1242 1066; x_wconf 85' lang='lat' dir='ltr'><strong>nihil</strong></span> <span class='ocrx_word' id='word_1_53' title='bbox 1305 1009 1404 1065; x_wconf 88' lang='lat' dir='ltr'>est</span> <span class='ocrx_word' id='word_1_54' title='bbox 1476 1000 1650 1066; x_wconf 90' lang='lat' dir='ltr'>aliud</span> <span class='ocrx_word' id='word_1_55' title='bbox 1728 1001 1887 1066; x_wconf 91' lang='lat' dir='ltr'>bene</span> <span class='ocrx_word' id='word_1_56' title='bbox 1944 1010 2006 1065; x_wconf 87' lang='lat' dir='ltr'>et</span> <span class='ocrx_word' id='word_1_57' title='bbox 2070 1001 2256 1064; x_wconf 87' lang='lat' dir='ltr'>beate</span> <span class='ocrx_word' id='word_1_58' title='bbox 2312 998 2531 1064; x_wconf 89' lang='lat' dir='ltr'>vivere</span> <span class='ocrx_word' id='word_1_59' title='bbox 2583 998 2709 1063; x_wconf 91' lang='lat' dir='ltr'>nisi</span> 
     </span>
     <span class='ocr_line' id='line_1_8' title="bbox 247 1107 1112 1176; baseline -0.006 -1"><span class='ocrx_word' id='word_1_60' title='bbox 247 1110 510 1175; x_wconf 86' lang='lat' dir='ltr'>honeste</span> <span class='ocrx_word' id='word_1_61' title='bbox 555 1116 619 1176; x_wconf 82' lang='lat' dir='ltr'>et</span> <span class='ocrx_word' id='word_1_62' title='bbox 660 1117 831 1173; x_wconf 89' lang='lat' dir='ltr'>recte</span> <span class='ocrx_word' id='word_1_63' title='bbox 879 1107 1112 1172; x_wconf 84' lang='lat' dir='ltr'>vivere.</span> 
     </span>
    </p>

    <p class='ocr_par' dir='ltr' id='par_1_6' title="bbox 239 1204 2710 1400">
     <span class='ocr_line' id='line_1_9' title="bbox 420 1204 2710 1289; baseline -0.004 -11"><span class='ocrx_word' id='word_1_64' title='bbox 420 1210 604 1279; x_wconf 89' lang='lat' dir='ltr'>Sull.</span> <span class='ocrx_word' id='word_1_65' title='bbox 640 1213 752 1276; x_wconf 84' lang='lat'>80:</span> <span class='ocrx_word' id='word_1_66' title='bbox 780 1209 894 1276; x_wconf 89' lang='lat' dir='ltr'>sed</span> <span class='ocrx_word' id='word_1_67' title='bbox 926 1208 976 1274; x_wconf 90' lang='lat' dir='ltr'>si</span> <span class='ocrx_word' id='word_1_68' title='bbox 1002 1207 1336 1289; x_wconf 86' lang='lat' dir='ltr'>laedimur,</span> <span class='ocrx_word' id='word_1_69' title='bbox 1361 1206 1417 1272; x_wconf 89' lang='lat' dir='ltr'>si</span> <span class='ocrx_word' id='word_1_70' title='bbox 1447 1228 1841 1284; x_wconf 83' lang='lat' dir='ltr'>accusamur,</span> <span class='ocrx_word' id='word_1_71' title='bbox 1870 1206 1925 1270; x_wconf 91' lang='lat' dir='ltr'>si</span> <span class='ocrx_word' id='word_1_72' title='bbox 1954 1205 2020 1269; x_wconf 92' lang='lat' dir='ltr'>in</span> <span class='ocrx_word' id='word_1_73' title='bbox 2045 1204 2352 1271; x_wconf 88' lang='lat' dir='ltr'>invidiam</span> <span class='ocrx_word' id='word_1_74' title='bbox 2384 1227 2710 1285; x_wconf 80' lang='lat' dir='ltr'>vocamur,</span> 
     </span>
     <span class='ocr_line' id='line_1_10' title="bbox 239 1296 2549 1400; baseline -0.003 -21"><span class='ocrx_word' id='word_1_75' title='bbox 239 1315 518 1400; x_wconf 77' lang='lat' dir='ltr'>profecto</span> <span class='ocrx_word' id='word_1_76' title='bbox 563 1313 927 1390; x_wconf 84' lang='lat' dir='ltr'>conceditiS,</span> <span class='ocrx_word' id='word_1_77' title='bbox 971 1311 1233 1389; x_wconf 83' lang='lat' dir='ltr'>iudiceS,</span> <span class='ocrx_word' id='word_1_78' title='bbox 1279 1319 1349 1374; x_wconf 90' lang='lat' dir='ltr'>ut</span> <span class='ocrx_word' id='word_1_79' title='bbox 1390 1310 1580 1375; x_wconf 89' lang='lat' dir='ltr'>nobis</span> <span class='ocrx_word' id='word_1_80' title='bbox 1625 1309 1987 1375; x_wconf 89' lang='lat' dir='ltr'>libertatem</span> <span class='ocrx_word' id='word_1_81' title='bbox 2030 1296 2302 1373; x_wconf 84' lang='lat' dir='ltr'>retinere</span> <span class='ocrx_word' id='word_1_82' title='bbox 2344 1307 2549 1373; x_wconf 87' lang='lat' dir='ltr'>liceat.</span> 
     </span>
    </p>

    <p class='ocr_par' dir='ltr' id='par_1_7' title="bbox 249 1409 2708 1712">
     <span class='ocr_line' id='line_1_11' title="bbox 417 1409 2707 1499; baseline -0.004 -16"><span class='ocrx_word' id='word_1_83' title='bbox 417 1416 625 1483; x_wconf 84' lang='lat' dir='ltr'>acad.</span> <span class='ocrx_word' id='word_1_84' title='bbox 671 1418 728 1495; x_wconf 86' lang='lat'>2,</span> <span class='ocrx_word' id='word_1_85' title='bbox 775 1417 844 1481; x_wconf 83' lang='lat'>6:</span> <span class='ocrx_word' id='word_1_86' title='bbox 880 1414 1166 1491; x_wconf 79' lang='lat' dir='ltr'><strong>etenim,</strong></span> <span class='ocrx_word' id='word_1_87' title='bbox 1234 1413 1290 1478; x_wconf 91' lang='lat' dir='ltr'>si</span> <span class='ocrx_word' id='word_1_88' title='bbox 1345 1412 1623 1499; x_wconf 90' lang='lat' dir='ltr'>quodam</span> <span class='ocrx_word' id='word_1_89' title='bbox 1678 1412 1747 1476; x_wconf 91' lang='lat' dir='ltr'>in</span> <span class='ocrx_word' id='word_1_90' title='bbox 1814 1412 1977 1477; x_wconf 89' lang='lat' dir='ltr'>libro</span> <span class='ocrx_word' id='word_1_91' title='bbox 2046 1434 2196 1476; x_wconf 78' lang='lat' dir='ltr'>vere</span> <span class='ocrx_word' id='word_1_92' title='bbox 2265 1420 2363 1475; x_wconf 88' lang='lat' dir='ltr'>est</span> <span class='ocrx_word' id='word_1_93' title='bbox 2418 1434 2456 1475; x_wconf 92' lang='lat' dir='ltr'>a</span> <span class='ocrx_word' id='word_1_94' title='bbox 2519 1409 2707 1474; x_wconf 85' lang='lat' dir='ltr'>nobis</span> 
     </span>
     <span class='ocr_line' id='line_1_12' title="bbox 249 1512 2708 1633; baseline -0.003 -49"><span class='ocrx_word' id='word_1_95' title='bbox 249 1519 652 1609; x_wconf 83' lang='lat' dir='ltr'>philosophia</span> <span class='ocrx_word' id='word_1_96' title='bbox 679 1518 956 1597; x_wconf 84' lang='lat' dir='ltr'>laudata,</span> <span class='ocrx_word' id='word_1_97' title='bbox 991 1517 1275 1602; x_wconf 76' lang='lat' dir='ltr'>profecto</span> <span class='ocrx_word' id='word_1_98' title='bbox 1308 1516 1445 1581; x_wconf 91' lang='lat' dir='ltr'>eius</span> <span class='ocrx_word' id='word_1_99' title='bbox 1475 1514 1771 1633; x_wconf 81' lang='lat' dir='ltr'>tractatio</span> <span class='ocrx_word' id='word_1_100' title='bbox 1804 1515 2045 1605; x_wconf 91' lang='lat' dir='ltr'>optimo</span> <span class='ocrx_word' id='word_1_101' title='bbox 2082 1525 2271 1602; x_wconf 84' lang='lat' dir='ltr'>atque</span> <span class='ocrx_word' id='word_1_102' title='bbox 2313 1512 2708 1600; x_wconf 88' lang='lat' dir='ltr'>amplissimo</span> 
     </span>
     <span class='ocr_line' id='line_1_13' title="bbox 252 1623 2290 1712; baseline -0.006 -22"><span class='ocrx_word' id='word_1_103' title='bbox 252 1647 500 1712; x_wconf 89' lang='lat' dir='ltr'>quoque</span> <span class='ocrx_word' id='word_1_104' title='bbox 547 1623 924 1710; x_wconf 88' lang='lat' dir='ltr'>dignissima</span> <span class='ocrx_word' id='word_1_105' title='bbox 970 1629 1085 1685; x_wconf 88' lang='lat' dir='ltr'>est.</span> <span class='ocrx_word' id='word_1_106' title='bbox 2285 1630 2290 1637; x_wconf 86' lang='lat'><em>·</em></span> 
     </span>
    </p>

    <p class='ocr_par' dir='ltr' id='par_1_8' title="bbox 255 1718 2709 1895">
     <span class='ocr_line' id='line_1_14' title="bbox 420 1718 2709 1806; baseline -0.004 -14"><span class='ocrx_word' id='word_1_107' title='bbox 420 1727 475 1794; x_wconf 88' lang='lat' dir='ltr'>d.</span> <span class='ocrx_word' id='word_1_108' title='bbox 523 1727 579 1793; x_wconf 90' lang='lat' dir='ltr'>d.</span> <span class='ocrx_word' id='word_1_109' title='bbox 623 1736 774 1791; x_wconf 89' lang='lat' dir='ltr'>nat.</span> <span class='ocrx_word' id='word_1_110' title='bbox 824 1726 885 1806; x_wconf 83' lang='lat'>3,</span> <span class='ocrx_word' id='word_1_111' title='bbox 932 1724 1042 1787; x_wconf 72' lang='grc' dir='ltr'>ἓὸε</span> <span class='ocrx_word' id='word_1_112' title='bbox 1093 1722 1187 1788; x_wconf 86' lang='grc'>810</span> <span class='ocrx_word' id='word_1_113' title='bbox 1247 1721 1468 1787; x_wconf 90' lang='lat' dir='ltr'>mundi</span> <span class='ocrx_word' id='word_1_114' title='bbox 1513 1723 1733 1787; x_wconf 86' lang='lat' dir='ltr'>divina</span> <span class='ocrx_word' id='word_1_115' title='bbox 1787 1721 2143 1788; x_wconf 81' lang='lat' dir='ltr'>moderatio</span> <span class='ocrx_word' id='word_1_116' title='bbox 2196 1720 2480 1805; x_wconf 76' lang='lat' dir='ltr'>profecto</span> <span class='ocrx_word' id='word_1_117' title='bbox 2533 1718 2709 1783; x_wconf 88' lang='lat' dir='ltr'>nulla</span> 
     </span>
     <span class='ocr_line' id='line_1_15' title="bbox 255 1825 2366 1907; baseline -0.003 -13"><span class='ocrx_word' id='word_1_118' title='bbox 255 1839 363 1907; x_wconf 84' lang='lat' dir='ltr'>est,</span> <span class='ocrx_word' id='word_1_119' title='bbox 413 1832 470 1895; x_wconf 91' lang='lat' dir='ltr'>si</span> <span class='ocrx_word' id='word_1_120' title='bbox 514 1830 579 1895; x_wconf 91' lang='lat' dir='ltr'>in</span> <span class='ocrx_word' id='word_1_121' title='bbox 625 1853 702 1894; x_wconf 88' lang='lat' dir='ltr'>ea</span> <span class='ocrx_word' id='word_1_122' title='bbox 747 1828 1088 1893; x_wconf 83' lang='lat' dir='ltr'>discrimen</span> <span class='ocrx_word' id='word_1_123' title='bbox 1133 1825 1378 1891; x_wconf 88' lang='lat' dir='ltr'>nullum</span> <span class='ocrx_word' id='word_1_124' title='bbox 1423 1834 1522 1891; x_wconf 88' lang='lat' dir='ltr'>est</span> <span class='ocrx_word' id='word_1_125' title='bbox 1563 1825 1881 1891; x_wconf 80' lang='lat' dir='ltr'>bonorum</span> <span class='ocrx_word' id='word_1_126' title='bbox 1927 1833 1989 1888; x_wconf 87' lang='lat' dir='ltr'>et</span> <span class='ocrx_word' id='word_1_127' title='bbox 2032 1825 2366 1889; x_wconf 85' lang='lat' dir='ltr'>malorum.</span> 
     </span>
    </p>
   </div>
   <div class='ocr_carea' id='block_1_4' title="bbox 255 1923 2735 3359">
    <p class='ocr_par' dir='ltr' id='par_1_9' title="bbox 255 1923 2710 2102">
     <span class='ocr_line' id='line_1_16' title="bbox 416 1923 2710 2047; baseline -0.004 -50"><span class='ocrx_word' id='word_1_128' title='bbox 416 1932 787 1999; x_wconf 85' lang='lat' dir='ltr'>Praeterea.</span> <span class='ocrx_word' id='word_1_129' title='bbox 846 1931 900 1997; x_wconf 87' lang='lat' dir='ltr'>d.</span> <span class='ocrx_word' id='word_1_130' title='bbox 949 1954 1046 1996; x_wconf 86' lang='lat' dir='ltr'>or.</span> <span class='ocrx_word' id='word_1_131' title='bbox 1097 1930 1152 2007; x_wconf 92' lang='lat'>1,</span> <span class='ocrx_word' id='word_1_132' title='bbox 1204 1927 1344 1992; x_wconf 84' lang='grc'><strong>135.</strong></span> <span class='ocrx_word' id='word_1_133' title='bbox 1394 1952 1498 2016; x_wconf 88' lang='lat' dir='ltr'>ep.</span> <span class='ocrx_word' id='word_1_134' title='bbox 1549 1928 1647 2007; x_wconf 89' lang='lat'>15,</span> <span class='ocrx_word' id='word_1_135' title='bbox 1694 1928 1754 2047; x_wconf 82' lang='grc'><strong>4,</strong></span> <span class='ocrx_word' id='word_1_136' title='bbox 1805 1928 1904 1992; x_wconf 87' lang='grc'>15.</span> <span class='ocrx_word' id='word_1_137' title='bbox 1975 1924 2283 2007; x_wconf 76' lang='lat' dir='ltr'>Quinct.</span> <span class='ocrx_word' id='word_1_138' title='bbox 2328 1925 2431 1989; x_wconf 90' lang='grc'>54.</span> <span class='ocrx_word' id='word_1_139' title='bbox 2482 1923 2710 1990; x_wconf 89' lang='lat' dir='ltr'>Rosc.</span> 
     </span>
     <span class='ocr_line' id='line_1_17' title="bbox 255 2032 1189 2102; baseline -0.001 -5"><span class='ocrx_word' id='word_1_140' title='bbox 255 2035 351 2098; x_wconf 82' lang='lat'>62.</span> <span class='ocrx_word' id='word_1_141' title='bbox 437 2036 591 2102; x_wconf 93' lang='lat' dir='ltr'>Mil.</span> <span class='ocrx_word' id='word_1_142' title='bbox 635 2035 691 2101; x_wconf 70' lang='lat'>4</span> <span class='ocrx_word' id='word_1_143' title='bbox 781 2034 1028 2100; x_wconf 89' lang='lat' dir='ltr'>Deiot.</span> <span class='ocrx_word' id='word_1_144' title='bbox 1090 2032 1189 2100; x_wconf 89' lang='lat'>15.</span> 
     </span>
    </p>

    <p class='ocr_par' dir='ltr' id='par_1_10' title="bbox 257 2131 2709 2328">
     <span class='ocr_line' id='line_1_18' title="bbox 420 2131 2709 2221; baseline -0.003 -18"><span class='ocrx_word' id='word_1_145' title='bbox 420 2138 737 2206; x_wconf 89' lang='lat' dir='ltr'>Protasi</span> <span class='ocrx_word' id='word_1_146' title='bbox 793 2137 1065 2205; x_wconf 88' lang='lat' dir='ltr'>omissa.</span> <span class='ocrx_word' id='word_1_147' title='bbox 1122 2135 1332 2201; x_wconf 89' lang='lat' dir='ltr'>Lael.</span> <span class='ocrx_word' id='word_1_148' title='bbox 1399 2135 1509 2200; x_wconf 87' lang='lat'>70:</span> <span class='ocrx_word' id='word_1_149' title='bbox 1568 2135 1738 2221; x_wconf 91' lang='lat' dir='ltr'>quod</span> <span class='ocrx_word' id='word_1_150' title='bbox 1786 2147 1883 2198; x_wconf 83' lang='lat' dir='ltr'>est</span> <span class='ocrx_word' id='word_1_151' title='bbox 1925 2135 2124 2199; x_wconf 88' lang='lat' dir='ltr'>multo</span> <span class='ocrx_word' id='word_1_152' title='bbox 2177 2133 2461 2218; x_wconf 75' lang='lat' dir='ltr'>profecto</span> <span class='ocrx_word' id='word_1_153' title='bbox 2506 2131 2709 2216; x_wconf 89' lang='lat' dir='ltr'>magis</span> 
     </span>
     <span class='ocr_line' id='line_1_19' title="bbox 257 2238 1660 2328; baseline 0 -24"><span class='ocrx_word' id='word_1_154' title='bbox 257 2239 323 2304; x_wconf 92' lang='lat' dir='ltr'>in</span> <span class='ocrx_word' id='word_1_155' title='bbox 368 2240 533 2306; x_wconf 83' lang='lat' dir='ltr'>veris</span> <span class='ocrx_word' id='word_1_156' title='bbox 580 2241 868 2328; x_wconf 89' lang='lat' dir='ltr'>patribus</span> <span class='ocrx_word' id='word_1_157' title='bbox 917 2239 1234 2327; x_wconf 85' lang='lat' dir='ltr'>certisque</span> <span class='ocrx_word' id='word_1_158' title='bbox 1278 2238 1660 2304; x_wconf 82' lang='lat' dir='ltr'>faciendum.</span> 
     </span>
    </p>

    <p class='ocr_par' dir='ltr' id='par_1_11' title="bbox 255 2338 2712 2530">
     <span class='ocr_line' id='line_1_20' title="bbox 422 2338 2712 2430; baseline -0.003 -20"><span class='ocrx_word' id='word_1_159' title='bbox 422 2345 702 2429; x_wconf 74' lang='lat' dir='ltr'>profecto</span> <span class='ocrx_word' id='word_1_160' title='bbox 767 2344 838 2415; x_wconf 89' lang='grc'>111</span> <span class='ocrx_word' id='word_1_161' title='bbox 904 2342 1174 2430; x_wconf 89' lang='lat' dir='ltr'>apodosi</span> <span class='ocrx_word' id='word_1_162' title='bbox 1236 2343 1372 2407; x_wconf 89' lang='lat' dir='ltr'>eius</span> <span class='ocrx_word' id='word_1_163' title='bbox 1440 2342 1865 2420; x_wconf 84' lang='grc'><strong>0011(110101118,</strong></span> <span class='ocrx_word' id='word_1_164' title='bbox 1913 2364 2077 2429; x_wconf 87' lang='lat' dir='ltr'>quae</span> <span class='ocrx_word' id='word_1_165' title='bbox 2121 2338 2360 2429; x_wconf 77' lang='lat' dir='ltr'>pendet</span> <span class='ocrx_word' id='word_1_166' title='bbox 2415 2362 2495 2404; x_wconf 84' lang='lat' dir='ltr'>ex</span> <span class='ocrx_word' id='word_1_167' title='bbox 2552 2360 2712 2403; x_wconf 87' lang='lat' dir='ltr'>voce</span> 
     </span>
     <span class='ocr_line' id='line_1_21' title="bbox 255 2445 586 2530; baseline 0.012 -22"><span class='ocrx_word' id='word_1_168' title='bbox 255 2445 586 2530; x_wconf 72' lang='lat' dir='ltr'>»quodsi«.</span> 
     </span>
    </p>

    <p class='ocr_par' dir='ltr' id='par_1_12' title="bbox 264 2546 2714 2737">
     <span class='ocr_line' id='line_1_22' title="bbox 419 2546 2714 2637; baseline -0.001 -25"><span class='ocrx_word' id='word_1_169' title='bbox 419 2547 481 2612; x_wconf 84' lang='lat' dir='ltr'>fi</span> <span class='ocrx_word' id='word_1_170' title='bbox 502 2568 564 2612; x_wconf 82' lang='lat' dir='ltr'>n&#39;.</span> <span class='ocrx_word' id='word_1_171' title='bbox 611 2551 669 2631; x_wconf 85' lang='lat'>1,</span> <span class='ocrx_word' id='word_1_172' title='bbox 723 2550 834 2616; x_wconf 72' lang='lat'>412</span> <span class='ocrx_word' id='word_1_173' title='bbox 890 2548 1120 2637; x_wconf 87' lang='lat' dir='ltr'>quodsi</span> <span class='ocrx_word' id='word_1_174' title='bbox 1174 2549 1308 2613; x_wconf 86' lang='lat' dir='ltr'>vita</span> <span class='ocrx_word' id='word_1_175' title='bbox 1374 2548 1702 2615; x_wconf 89' lang='lat' dir='ltr'>doloribus</span> <span class='ocrx_word' id='word_1_176' title='bbox 1768 2548 2004 2614; x_wconf 84' lang='lat' dir='ltr'>referta</span> <span class='ocrx_word' id='word_1_177' title='bbox 2067 2548 2347 2614; x_wconf 86' lang='lat' dir='ltr'>maxime</span> <span class='ocrx_word' id='word_1_178' title='bbox 2416 2546 2714 2633; x_wconf 82' lang='lat' dir='ltr'>fugienda</span> 
     </span>
     <span class='ocr_line' id='line_1_23' title="bbox 264 2650 2231 2737; baseline 0.003 -25"><span class='ocrx_word' id='word_1_179' title='bbox 264 2657 378 2730; x_wconf 87' lang='lat' dir='ltr'>est,</span> <span class='ocrx_word' id='word_1_180' title='bbox 431 2671 744 2717; x_wconf 88' lang='lat' dir='ltr'>summum</span> <span class='ocrx_word' id='word_1_181' title='bbox 792 2653 1071 2737; x_wconf 74' lang='lat' dir='ltr'>profecto</span> <span class='ocrx_word' id='word_1_182' title='bbox 1115 2652 1354 2718; x_wconf 90' lang='lat' dir='ltr'>malum</span> <span class='ocrx_word' id='word_1_183' title='bbox 1397 2663 1495 2717; x_wconf 90' lang='lat' dir='ltr'>est</span> <span class='ocrx_word' id='word_1_184' title='bbox 1540 2653 1759 2716; x_wconf 82' lang='lat' dir='ltr'>vivere</span> <span class='ocrx_word' id='word_1_185' title='bbox 1806 2675 1951 2717; x_wconf 91' lang='lat' dir='ltr'>cum</span> <span class='ocrx_word' id='word_1_186' title='bbox 1997 2650 2231 2718; x_wconf 91' lang='lat' dir='ltr'>dolore.</span> 
     </span>
    </p>

    <p class='ocr_par' dir='ltr' id='par_1_13' title="bbox 260 2751 2710 3048">
     <span class='ocr_line' id='line_1_24' title="bbox 433 2751 2710 2843; baseline 0 -26"><span class='ocrx_word' id='word_1_187' title='bbox 433 2751 524 2817; x_wconf 88' lang='lat' dir='ltr'>ad</span> <span class='ocrx_word' id='word_1_188' title='bbox 567 2753 697 2835; x_wconf 79' lang='lat' dir='ltr'>Qu.</span> <span class='ocrx_word' id='word_1_189' title='bbox 741 2755 823 2819; x_wconf 84' lang='lat' dir='ltr'>fr.</span> <span class='ocrx_word' id='word_1_190' title='bbox 875 2757 927 2820; x_wconf 95' lang='grc'>1.</span> <span class='ocrx_word' id='word_1_191' title='bbox 973 2756 1030 2820; x_wconf 91' lang='grc'>4.</span> <span class='ocrx_word' id='word_1_192' title='bbox 1078 2757 1146 2820; x_wconf 93' lang='grc'>2·</span> <span class='ocrx_word' id='word_1_193' title='bbox 1194 2755 1425 2843; x_wconf 87' lang='lat' dir='ltr'>quodsi</span> <span class='ocrx_word' id='word_1_194' title='bbox 1455 2768 1516 2819; x_wconf 87' lang='lat' dir='ltr'>te</span> <span class='ocrx_word' id='word_1_195' title='bbox 1548 2756 1704 2820; x_wconf 88' lang='lat' dir='ltr'>satis</span> <span class='ocrx_word' id='word_1_196' title='bbox 1738 2755 2107 2821; x_wconf 85' lang='lat' dir='ltr'>innocentia</span> <span class='ocrx_word' id='word_1_197' title='bbox 2136 2764 2279 2819; x_wconf 89' lang='lat' dir='ltr'>tua.</span> <span class='ocrx_word' id='word_1_198' title='bbox 2361 2802 2377 2820; x_wconf 92' lang='lat'>.</span> <span class='ocrx_word' id='word_1_199' title='bbox 2426 2753 2710 2819; x_wconf 86' lang='lat' dir='ltr'>vindicat</span> 
     </span>
     <span class='ocr_line' id='line_1_25' title="bbox 260 2804 2706 2946; baseline 0.001 -27"><span class='ocrx_word' id='word_1_200' title='bbox 260 2879 297 2919; x_wconf 93' lang='lat' dir='ltr'>a</span> <span class='ocrx_word' id='word_1_201' title='bbox 369 2856 683 2937; x_wconf 87' lang='lat' dir='ltr'>molestia,</span> <span class='ocrx_word' id='word_1_202' title='bbox 769 2860 1080 2946; x_wconf 91' lang='lat' dir='ltr'>perspicis</span> <span class='ocrx_word' id='word_1_203' title='bbox 1156 2858 1439 2944; x_wconf 75' lang='lat' dir='ltr'>profecto</span> <span class='ocrx_word' id='word_1_204' title='bbox 1529 2880 1924 2946; x_wconf 87' lang='lat' dir='ltr'>ecquaenam</span> <span class='ocrx_word' id='word_1_205' title='bbox 1994 2857 2183 2922; x_wconf 90' lang='lat' dir='ltr'>nobis</span> <span class='ocrx_word' id='word_1_206' title='bbox 2260 2804 2406 2944; x_wconf 78' lang='lat' dir='ltr'>spes</span> <span class='ocrx_word' id='word_1_207' title='bbox 2483 2856 2706 2921; x_wconf 86' lang='lat' dir='ltr'>salut-is</span> 
     </span>
     <span class='ocr_line' id='line_1_26' title="bbox 261 2958 658 3048; baseline 0.008 -25"><span class='ocrx_word' id='word_1_208' title='bbox 261 2958 658 3048; x_wconf 85' lang='lat' dir='ltr'>relinquatur.</span> 
     </span>
    </p>

    <p class='ocr_par' dir='ltr' id='par_1_14' title="bbox 259 3061 2735 3359">
     <span class='ocr_line' id='line_1_27' title="bbox 425 3061 2709 3150; baseline -0.001 -22"><span class='ocrx_word' id='word_1_209' title='bbox 425 3061 728 3144; x_wconf 80' lang='lat' dir='ltr'>Quinct.</span> <span class='ocrx_word' id='word_1_210' title='bbox 777 3074 844 3134; x_wconf 80' lang='lat'>5:</span> <span class='ocrx_word' id='word_1_211' title='bbox 891 3063 1121 3150; x_wconf 89' lang='lat' dir='ltr'>quodsi</span> <span class='ocrx_word' id='word_1_212' title='bbox 1163 3072 1233 3129; x_wconf 88' lang='lat' dir='ltr'>tu</span> <span class='ocrx_word' id='word_1_213' title='bbox 1277 3063 1468 3129; x_wconf 85' lang='lat' dir='ltr'>iudex</span> <span class='ocrx_word' id='word_1_214' title='bbox 1498 3063 1673 3129; x_wconf 89' lang='lat' dir='ltr'>nullo</span> <span class='ocrx_word' id='word_1_215' title='bbox 1704 3061 2026 3150; x_wconf 89' lang='lat' dir='ltr'>praesidio</span> <span class='ocrx_word' id='word_1_216' title='bbox 2059 3061 2259 3129; x_wconf 87' lang='lat' dir='ltr'>fuisse</span> <span class='ocrx_word' id='word_1_217' title='bbox 2291 3062 2595 3128; x_wconf 83' lang='lat' dir='ltr'>videbere</span> <span class='ocrx_word' id='word_1_218' title='bbox 2630 3113 2641 3124; x_wconf 92' lang='lat'>.</span> <span class='ocrx_word' id='word_1_219' title='bbox 2677 3111 2709 3140; x_wconf 92' lang='lat'>.,</span> 
     </span>
     <span class='ocr_line' id='line_1_28' title="bbox 265 3164 2735 3255; baseline 0.001 -27"><span class='ocrx_word' id='word_1_220' title='bbox 265 3164 317 3228; x_wconf 89' lang='lat' dir='ltr'>si</span> <span class='ocrx_word' id='word_1_221' title='bbox 368 3188 441 3233; x_wconf 86' lang='lat' dir='ltr'>ex</span> <span class='ocrx_word' id='word_1_222' title='bbox 487 3166 739 3255; x_wconf 84' lang='lat' dir='ltr'>opibuS,</span> <span class='ocrx_word' id='word_1_223' title='bbox 786 3191 918 3233; x_wconf 92' lang='lat' dir='ltr'>non</span> <span class='ocrx_word' id='word_1_224' title='bbox 964 3191 1044 3232; x_wconf 86' lang='lat' dir='ltr'>ex</span> <span class='ocrx_word' id='word_1_225' title='bbox 1087 3167 1355 3235; x_wconf 85' lang='lat' dir='ltr'>veritate</span> <span class='ocrx_word' id='word_1_226' title='bbox 1417 3189 1613 3231; x_wconf 87' lang='lat' dir='ltr'>causa</span> <span class='ocrx_word' id='word_1_227' title='bbox 1667 3166 2006 3254; x_wconf 88' lang='lat' dir='ltr'>pendetur,</span> <span class='ocrx_word' id='word_1_228' title='bbox 2054 3166 2338 3251; x_wconf 72' lang='lat' dir='ltr'>profecto</span> <span class='ocrx_word' id='word_1_229' title='bbox 2397 3164 2554 3231; x_wconf 88' lang='lat' dir='ltr'>nihil</span> <span class='ocrx_word' id='word_1_230' title='bbox 2613 3175 2735 3231; x_wconf 85' lang='lat' dir='ltr'>est</span> 
     </span>
     <span class='ocr_line' id='line_1_29' title="bbox 259 3266 1881 3359; baseline 0.002 -29"><span class='ocrx_word' id='word_1_231' title='bbox 259 3266 379 3332; x_wconf 87' lang='lat' dir='ltr'>iam</span> <span class='ocrx_word' id='word_1_232' title='bbox 422 3280 713 3336; x_wconf 88' lang='lat' dir='ltr'>sanctum</span> <span class='ocrx_word' id='word_1_233' title='bbox 761 3280 950 3359; x_wconf 87' lang='lat' dir='ltr'>atque</span> <span class='ocrx_word' id='word_1_234' title='bbox 998 3271 1316 3336; x_wconf 86' lang='lat' dir='ltr'>sincerum</span> <span class='ocrx_word' id='word_1_235' title='bbox 1361 3270 1428 3335; x_wconf 90' lang='lat' dir='ltr'>in</span> <span class='ocrx_word' id='word_1_236' title='bbox 1462 3269 1719 3335; x_wconf 82' lang='lat' dir='ltr'>civitate</span> <span class='ocrx_word' id='word_1_237' title='bbox 1766 3278 1881 3336; x_wconf 88' lang='lat' dir='ltr'>etc.</span> 
     </span>
    </p>
   </div>
   <div class='ocr_carea' id='block_1_5' title="bbox 257 3389 2784 3892">
    <p class='ocr_par' dir='ltr' id='par_1_15' title="bbox 257 3389 2784 3892">
     <span class='ocr_line' id='line_1_30' title="bbox 421 3389 2711 3477; baseline -0 -21"><span class='ocrx_word' id='word_1_238' title='bbox 421 3389 701 3472; x_wconf 81' lang='lat' dir='ltr'>Quando</span> <span class='ocrx_word' id='word_1_239' title='bbox 759 3390 1035 3477; x_wconf 88' lang='lat' dir='ltr'>quidem,</span> <span class='ocrx_word' id='word_1_240' title='bbox 1093 3390 1203 3477; x_wconf 87' lang='lat' dir='ltr'>qui</span> <span class='ocrx_word' id='word_1_241' title='bbox 1257 3390 1468 3456; x_wconf 88' lang='lat' dir='ltr'>adhuc</span> <span class='ocrx_word' id='word_1_242' title='bbox 1523 3390 2008 3456; x_wconf 88' lang='lat' dir='ltr'>commemorati</span> <span class='ocrx_word' id='word_1_243' title='bbox 2073 3399 2253 3471; x_wconf 82' lang='lat' dir='ltr'>sunt,</span> <span class='ocrx_word' id='word_1_244' title='bbox 2307 3389 2434 3456; x_wconf 89' lang='lat' dir='ltr'>loci</span> <span class='ocrx_word' id='word_1_245' title='bbox 2490 3413 2711 3456; x_wconf 90' lang='grc'><strong>01111108</strong></span> 
     </span>
     <span class='ocr_line' id='line_1_31' title="bbox 257 3492 2708 3581; baseline 0 -25"><span class='ocrx_word' id='word_1_246' title='bbox 257 3493 529 3579; x_wconf 84' lang='lat' dir='ltr'>proxime</span> <span class='ocrx_word' id='word_1_247' title='bbox 575 3493 895 3560; x_wconf 87' lang='lat' dir='ltr'>accedunt</span> <span class='ocrx_word' id='word_1_248' title='bbox 940 3493 1024 3560; x_wconf 86' lang='lat' dir='ltr'>ad</span> <span class='ocrx_word' id='word_1_249' title='bbox 1065 3494 1620 3561; x_wconf 86' lang='lat' dir='ltr'>ratiocinationem</span> <span class='ocrx_word' id='word_1_250' title='bbox 1670 3531 1743 3541; x_wconf 91' lang='lat'>-—</span> <span class='ocrx_word' id='word_1_251' title='bbox 1796 3494 1949 3581; x_wconf 88' lang='lat' dir='ltr'>quid</span> <span class='ocrx_word' id='word_1_252' title='bbox 1994 3503 2092 3559; x_wconf 88' lang='lat' dir='ltr'>est</span> <span class='ocrx_word' id='word_1_253' title='bbox 2115 3492 2283 3559; x_wconf 90' lang='lat' dir='ltr'>enim</span> <span class='ocrx_word' id='word_1_254' title='bbox 2315 3493 2487 3558; x_wconf 90' lang='lat' dir='ltr'>aliud</span> <span class='ocrx_word' id='word_1_255' title='bbox 2516 3493 2708 3558; x_wconf 90' lang='lat' dir='ltr'>realis</span> 
     </span>
     <span class='ocr_line' id='line_1_32' title="bbox 259 3595 2784 3714; baseline 0 -54"><span class='ocrx_word' id='word_1_256' title='bbox 259 3596 532 3664; x_wconf 88' lang='lat' dir='ltr'>condicio</span> <span class='ocrx_word' id='word_1_257' title='bbox 573 3596 708 3663; x_wconf 86' lang='lat' dir='ltr'>nisi</span> <span class='ocrx_word' id='word_1_258' title='bbox 743 3620 923 3663; x_wconf 88' lang='lat' dir='ltr'>mera</span> <span class='ocrx_word' id='word_1_259' title='bbox 956 3597 1378 3674; x_wconf 83' lang='lat' dir='ltr'>ratiocinati0‚</span> <span class='ocrx_word' id='word_1_260' title='bbox 1416 3619 1607 3714; x_wconf 80' lang='lat' dir='ltr'>quem</span> <span class='ocrx_word' id='word_1_261' title='bbox 1640 3596 2082 3683; x_wconf 84' lang='lat' dir='ltr'>syllogismum</span> <span class='ocrx_word' id='word_1_262' title='bbox 2106 3605 2341 3664; x_wconf 84' lang='lat' dir='ltr'>vocant</span> <span class='ocrx_word' id='word_1_263' title='bbox 2363 3595 2599 3681; x_wconf 83' lang='lat' dir='ltr'>logici?</span> <span class='ocrx_word' id='word_1_264' title='bbox 2624 3630 2710 3641; x_wconf 86' lang='lat'>--</span> <span class='ocrx_word' id='word_1_265' title='bbox 2779 3679 2784 3686; x_wconf 24' lang='grc' dir='ltr'><strong><em>ι</em></strong></span> 
     </span>
     <span class='ocr_line' id='line_1_33' title="bbox 260 3698 2712 3787; baseline 0.002 -27"><span class='ocrx_word' id='word_1_266' title='bbox 260 3706 483 3766; x_wconf 85' lang='lat' dir='ltr'>ceteros</span> <span class='ocrx_word' id='word_1_267' title='bbox 547 3700 767 3777; x_wconf 76' lang='lat' dir='ltr'>locos,</span> <span class='ocrx_word' id='word_1_268' title='bbox 834 3700 1066 3787; x_wconf 88' lang='lat' dir='ltr'>quibus</span> <span class='ocrx_word' id='word_1_269' title='bbox 1156 3700 1510 3784; x_wconf 77' lang='lat' dir='ltr'>»profecto«</span> <span class='ocrx_word' id='word_1_270' title='bbox 1577 3699 1644 3764; x_wconf 91' lang='lat' dir='ltr'>in</span> <span class='ocrx_word' id='word_1_271' title='bbox 1709 3700 1878 3764; x_wconf 85' lang='lat' dir='ltr'>iusto</span> <span class='ocrx_word' id='word_1_272' title='bbox 1948 3699 2318 3786; x_wconf 84' lang='lat' dir='ltr'>syllogismo</span> <span class='ocrx_word' id='word_1_273' title='bbox 2386 3698 2579 3787; x_wconf 88' lang='lat' dir='ltr'>idque</span> <span class='ocrx_word' id='word_1_274' title='bbox 2646 3700 2712 3765; x_wconf 93' lang='lat' dir='ltr'>in</span> 
     </span>
     <span class='ocr_line' id='line_1_34' title="bbox 259 3801 1568 3892; baseline 0.002 -29"><span class='ocrx_word' id='word_1_275' title='bbox 259 3803 662 3870; x_wconf 73' lang='lat' dir='ltr'>conclusione</span> <span class='ocrx_word' id='word_1_276' title='bbox 706 3812 804 3868; x_wconf 85' lang='lat' dir='ltr'>est</span> <span class='ocrx_word' id='word_1_277' title='bbox 845 3803 1147 3892; x_wconf 84' lang='lat' dir='ltr'>positum,</span> <span class='ocrx_word' id='word_1_278' title='bbox 1194 3801 1568 3867; x_wconf 86' lang='lat' dir='ltr'>afferamus:</span> 
     </span>
    </p>
   </div>
   <div class='ocr_carea' id='block_1_6' title="bbox 250 3886 2706 4218">
    <p class='ocr_par' dir='ltr' id='par_1_16' title="bbox 250 3886 2706 4218">
     <span class='ocr_line' id='line_1_35' title="bbox 407 3886 2704 4013; baseline -0 -24"><span class='ocrx_word' id='word_1_279' title='bbox 407 3924 466 3989; x_wconf 88' lang='lat' dir='ltr'>d.</span> <span class='ocrx_word' id='word_1_280' title='bbox 513 3922 574 3988; x_wconf 91' lang='lat' dir='ltr'>d.</span> <span class='ocrx_word' id='word_1_281' title='bbox 620 3931 783 3988; x_wconf 87' lang='lat' dir='ltr'>nat.</span> <span class='ocrx_word' id='word_1_282' title='bbox 831 3923 900 4005; x_wconf 86' lang='lat'>2,</span> <span class='ocrx_word' id='word_1_283' title='bbox 951 3923 1062 3993; x_wconf 94' lang='grc'>16.</span> <span class='ocrx_word' id='word_1_284' title='bbox 1121 3946 1264 3988; x_wconf 90' lang='grc'><strong>0880</strong></span> <span class='ocrx_word' id='word_1_285' title='bbox 1321 3931 1531 3987; x_wconf 87' lang='lat' dir='ltr'>autem</span> <span class='ocrx_word' id='word_1_286' title='bbox 1597 3922 1955 4005; x_wconf 86' lang='lat' dir='ltr'>hominem,</span> <span class='ocrx_word' id='word_1_287' title='bbox 2022 3923 2131 4013; x_wconf 83' lang='lat' dir='ltr'>qui</span> <span class='ocrx_word' id='word_1_288' title='bbox 2185 3923 2345 3990; x_wconf 88' lang='lat' dir='ltr'>nihil</span> <span class='ocrx_word' id='word_1_289' title='bbox 2395 3925 2464 3989; x_wconf 90' lang='lat' dir='ltr'>in</span> <span class='ocrx_word' id='word_1_290' title='bbox 2532 3886 2704 3993; x_wconf 89' lang='lat' dir='ltr'>omni</span> 
     </span>
     <span class='ocr_line' id='line_1_36' title="bbox 251 4026 2706 4115; baseline 0 -25"><span class='ocrx_word' id='word_1_291' title='bbox 251 4027 478 4094; x_wconf 84' lang='lat' dir='ltr'>mundo</span> <span class='ocrx_word' id='word_1_292' title='bbox 526 4026 766 4094; x_wconf 87' lang='lat' dir='ltr'>melius</span> <span class='ocrx_word' id='word_1_293' title='bbox 812 4049 955 4092; x_wconf 89' lang='lat' dir='ltr'>esse</span> <span class='ocrx_word' id='word_1_294' title='bbox 1012 4049 1205 4113; x_wconf 86' lang='lat' dir='ltr'>quam</span> <span class='ocrx_word' id='word_1_295' title='bbox 1262 4049 1332 4093; x_wconf 89' lang='lat' dir='ltr'>se</span> <span class='ocrx_word' id='word_1_296' title='bbox 1396 4034 1607 4115; x_wconf 83' lang='lat' dir='ltr'>putet,</span> <span class='ocrx_word' id='word_1_297' title='bbox 1683 4026 2053 4113; x_wconf 86' lang='lat' dir='ltr'>desipientis</span> <span class='ocrx_word' id='word_1_298' title='bbox 2097 4028 2522 4114; x_wconf 70' lang='lat' dir='ltr'>,arrogantiae</span> <span class='ocrx_word' id='word_1_299' title='bbox 2590 4036 2706 4096; x_wconf 87' lang='lat' dir='ltr'>est.</span> 
     </span>
     <span class='ocr_line' id='line_1_37' title="bbox 250 4127 2144 4218; baseline 0 -21"><span class='ocrx_word' id='word_1_300' title='bbox 250 4127 417 4218; x_wconf 66' lang='grc' dir='ltr'>Ετςο</span> <span class='ocrx_word' id='word_1_301' title='bbox 463 4140 564 4197; x_wconf 89' lang='lat' dir='ltr'>est</span> <span class='ocrx_word' id='word_1_302' title='bbox 628 4127 875 4214; x_wconf 81' lang='lat' dir='ltr'>aliquid</span> <span class='ocrx_word' id='word_1_303' title='bbox 916 4129 1165 4197; x_wconf 87' lang='lat' dir='ltr'>melius.</span> <span class='ocrx_word' id='word_1_304' title='bbox 1249 4130 1372 4196; x_wconf 87' lang='lat' dir='ltr'>Est</span> <span class='ocrx_word' id='word_1_305' title='bbox 1411 4129 1608 4214; x_wconf 83' lang='lat' dir='ltr'>igitur</span> <span class='ocrx_word' id='word_1_306' title='bbox 1638 4129 1922 4215; x_wconf 77' lang='lat' dir='ltr'>profecto</span> <span class='ocrx_word' id='word_1_307' title='bbox 1968 4128 2144 4197; x_wconf 83' lang='lat' dir='ltr'>deuS.</span> 
     </span>
    </p>
   </div>
   <div class='ocr_carea' id='block_1_7' title="bbox 252 4249 2713 4547">
    <p class='ocr_par' dir='ltr' id='par_1_17' title="bbox 252 4249 2713 4547">
     <span class='ocr_line' id='line_1_38' title="bbox 414 4249 2713 4337; baseline -0.002 -19"><span class='ocrx_word' id='word_1_308' title='bbox 414 4251 475 4318; x_wconf 87' lang='lat' dir='ltr'>d.</span> <span class='ocrx_word' id='word_1_309' title='bbox 519 4251 580 4317; x_wconf 87' lang='lat' dir='ltr'>d.</span> <span class='ocrx_word' id='word_1_310' title='bbox 631 4258 784 4314; x_wconf 82' lang='lat' dir='ltr'>nat.</span> <span class='ocrx_word' id='word_1_311' title='bbox 835 4252 907 4332; x_wconf 82' lang='lat'>1,</span> <span class='ocrx_word' id='word_1_312' title='bbox 948 4250 1063 4317; x_wconf 79' lang='lat'>48:</span> <span class='ocrx_word' id='word_1_313' title='bbox 1106 4249 1338 4337; x_wconf 78' lang='lat' dir='ltr'>quodsi</span> <span class='ocrx_word' id='word_1_314' title='bbox 1383 4249 1667 4316; x_wconf 88' lang='lat' dir='ltr'>omnium</span> <span class='ocrx_word' id='word_1_315' title='bbox 1722 4249 2142 4317; x_wconf 78' lang='lat' dir='ltr'>animantium</span> <span class='ocrx_word' id='word_1_316' title='bbox 2193 4251 2469 4319; x_wconf 63' lang='lat' dir='ltr'>formam</span> <span class='ocrx_word' id='word_1_317' title='bbox 2513 4250 2713 4315; x_wconf 83' lang='lat' dir='ltr'>vincit</span> 
     </span>
     <span class='ocr_line' id='line_1_39' title="bbox 252 4352 2710 4447; baseline -0.002 -27"><span class='ocrx_word' id='word_1_318' title='bbox 252 4353 525 4422; x_wconf 86' lang='lat' dir='ltr'>hominis</span> <span class='ocrx_word' id='word_1_319' title='bbox 577 4355 817 4438; x_wconf 81' lang='lat' dir='ltr'>figura,</span> <span class='ocrx_word' id='word_1_320' title='bbox 859 4353 1016 4421; x_wconf 81' lang='grc'><strong>(10118</strong></span> <span class='ocrx_word' id='word_1_321' title='bbox 1061 4363 1273 4447; x_wconf 79' lang='lat' dir='ltr'>autem</span> <span class='ocrx_word' id='word_1_322' title='bbox 1338 4353 1629 4419; x_wconf 81' lang='lat' dir='ltr'>animans</span> <span class='ocrx_word' id='word_1_323' title='bbox 1685 4361 1812 4435; x_wconf 81' lang='lat' dir='ltr'>est,</span> <span class='ocrx_word' id='word_1_324' title='bbox 1860 4375 1936 4418; x_wconf 87' lang='lat' dir='ltr'>ea</span> <span class='ocrx_word' id='word_1_325' title='bbox 1979 4355 2185 4440; x_wconf 80' lang='lat' dir='ltr'>figura</span> <span class='ocrx_word' id='word_1_326' title='bbox 2233 4352 2515 4440; x_wconf 76' lang='lat' dir='ltr'>profecto</span> <span class='ocrx_word' id='word_1_327' title='bbox 2595 4362 2710 4435; x_wconf 85' lang='lat' dir='ltr'>est,</span> 
     </span>
     <span class='ocr_line' id='line_1_40' title="bbox 252 4456 1383 4547; baseline -0.003 -23"><span class='ocrx_word' id='word_1_328' title='bbox 252 4481 409 4547; x_wconf 85' lang='lat' dir='ltr'>quae</span> <span class='ocrx_word' id='word_1_329' title='bbox 452 4456 890 4547; x_wconf 87' lang='lat' dir='ltr'>pulcherrima</span> <span class='ocrx_word' id='word_1_330' title='bbox 944 4457 1029 4524; x_wconf 84' lang='lat' dir='ltr'>sit</span> <span class='ocrx_word' id='word_1_331' title='bbox 1084 4456 1383 4523; x_wconf 88' lang='lat' dir='ltr'>omnium.</span> 
     </span>
    </p>
   </div>
  </div>
 </body>
</html>
