3142 5042
1356 225 1697 289 ...17-

469 445 605 526 Qui
649 446 935 513 retinent
982 447 1378 513 enuntiatum
1424 448 1763 516 relativum
1779 500 1795 531 ,
1845 449 1971 515 hoc
1999 449 2158 514 ideo
2201 447 2499 514 videntur
2540 446 2755 512 facere

268 548 472 635 ,quod
525 572 690 636 quae
743 559 1092 636 sequuntur
1134 552 1334 617 verba
1391 551 1544 617 »ubi
1588 553 1760 618 enim
1800 551 1962 618 mihi
2003 561 2259 641 praesto
2302 550 2579 617 fuissent
2620 598 2636 615 .
2670 599 2685 614 .
2726 575 2757 609 «

293 674 428 717 non
490 651 772 718 habeant
785 703 802 735 ,
881 676 1008 742 quo
1072 653 1201 719 sint
1263 653 1628 722 referenda:
1696 656 1948 722 cuinam
2011 654 2335 722 enuntiato
2400 676 2519 741 per
2582 653 2755 719 enim

295 755 597 820 voculam
666 756 927 822 affertur
986 779 1183 823 causa
1248 757 1563 823 sententia
1627 758 1899 825 relativa
1960 756 2257 823 sublata?
2335 756 2426 823 At
2493 758 2602 842 qui
2663 756 2755 821 ita

296 867 835 943 argumentantur,
878 883 1227 947 permagno
1274 870 1566 927 tenentur
1610 885 1824 928 errore
1869 862 1948 927 de
1992 860 2526 927 condicionalium
2553 883 2754 926 enun-

299 961 608 1030 tiatorum
650 985 806 1028 vera
846 964 1231 1051 propriaque
1274 973 1521 1048 natura,
1565 974 1641 1031 ut
1681 964 2065 1031 arbitrentur
2109 964 2371 1029 irreales
2404 963 2753 1029 sententias

297 1085 369 1128 re
415 1071 480 1129 et
520 1065 787 1132 veritate
832 1088 975 1132 esse
1020 1067 1449 1135 condiciones,
1524 1066 1658 1135 Sed
1687 1068 1977 1156 quisquis
2008 1091 2147 1134 rem
2176 1066 2366 1155 paulo
2398 1066 2752 1132 accuratius

299 1168 757 1255 contemplatus
815 1169 953 1251 erit,
1010 1168 1148 1236 sine
1204 1170 1398 1236 dubio
1458 1171 1767 1237 concedet
1823 1171 2290 1237 enuntiationes
2345 1168 2490 1234 illas
2546 1167 2757 1235 forma

304 1270 514 1356 potius
561 1294 753 1358 quam
799 1294 994 1337 sensu
1033 1272 1101 1337 in
1147 1272 1695 1339 condicionalibus
1742 1297 1885 1341 esse
1927 1272 2375 1340 numerandas.

465 1373 768 1440 Pluribus
822 1374 990 1441 hanc
1047 1376 1504 1461 quaestionem,
1563 1399 1727 1463 quae
1780 1387 1959 1465 patet
2010 1377 2321 1443 latissime
2365 1374 2753 1461 maximique

295 1484 395 1540 est
434 1478 763 1559 momenti,
806 1486 1081 1543 tractare
1124 1477 1387 1564 longum
1430 1489 1543 1558 est,
1591 1502 1786 1566 quare
1826 1481 1894 1546 id
1939 1489 2219 1548 statuere
2264 1479 2421 1545 satis
2455 1478 2576 1544 erit
2604 1500 2750 1544 con-

291 1578 645 1647 iunctivum
690 1580 1017 1667 praeteriti
1082 1609 1109 1639 »
1124 1581 1411 1648 viderem
1426 1611 1453 1639 «
1497 1583 1637 1649 sive
1680 1584 1895 1672 potius
1939 1583 2202 1649 modum
2246 1581 2753 1648 condicionalem

293 1682 621 1748 continere
661 1686 1084 1770 negationem,
1131 1707 1325 1772 quam
1366 1686 1630 1772 ignarus
1676 1687 1935 1773 quidam
1980 1687 2195 1753 scriba
2237 1685 2511 1752 seorsim
2539 1684 2752 1771 expri-

291 1785 596 1852 mendam
636 1786 957 1854 iudicavit.
1032 1786 1220 1869 Quae
1245 1788 1313 1853 in
1344 1790 1785 1869 controversia
1812 1800 1980 1873 sunt,
2008 1789 2101 1855 ita
2128 1788 2456 1856 reddenda
2487 1810 2747 1854 censeo:

289 1888 492 1955 Diese
560 1889 941 1977 Niederlage
1003 1891 1117 1957 der
1183 1890 1619 1959 Staatsfeinde
1670 1893 1866 1975 hatte,
1921 1893 2044 1959 wie
2096 1892 2203 1957 ich
2258 1891 2428 1957 offen
2469 1890 2749 1977 gestehe,

288 1992 544 2059 meinen
586 1992 853 2074 Beifall3
911 1993 1076 2060 doch
1131 1995 1333 2061 leider
1386 2019 1521 2061 war
1575 1996 1726 2062 kein
1779 1996 1965 2061 Ende
2022 1994 2346 2061 abzusehn
2396 1994 2466 2059 in
2509 1994 2751 2059 diesem

287 2095 589 2184 Kampfe.
674 2095 870 2162 Denn
914 2096 1077 2162 dazu
1117 2096 1359 2165 fehlten
1399 2099 1526 2163 mir
1568 2121 1642 2164 so
1688 2098 2059 2185 energische
2106 2097 2394 2165 Consuln
2440 2106 2555 2163 etc.

467 2198 634 2267 Cum
675 2199 821 2287 plus
864 2199 1033 2266 iusto
1077 2200 1202 2266 hoc
1243 2200 1387 2268 loco
1434 2202 1812 2268 commorati
1856 2224 2000 2269 esse
2046 2199 2431 2288 quibusdam
2471 2199 2751 2265 fortasse

289 2301 643 2384 videamur,
701 2325 777 2369 eo
834 2303 1096 2370 brevius
1139 2303 1320 2370 illum
1362 2306 1800 2388 tractabimuS,
1856 2327 1982 2392 quo
2034 2303 2348 2370 Momm
2388 2302 2705 2388 »profecto
2721 2331 2749 2359 «

293 2428 439 2470 cum
479 2405 823 2492 praeterito
868 2408 1276 2474 coniunctum
1315 2408 1446 2496 legi
1487 2410 1654 2474 vult:
1724 2433 1828 2475 or.
1865 2432 2002 2496 pro
2048 2407 2433 2489 Quinctio
2479 2406 2582 2487 39,
2637 2405 2749 2471 ubi

295 2506 559 2572 dimidia
587 2531 739 2595 pars
769 2508 1063 2577 codicum
1105 2511 1215 2576 »id
1244 2511 1365 2578 erit
1390 2513 1678 2600 profecto
1697 2540 1754 2592 «,
1800 2511 2066 2579 dimidia
2108 2511 2217 2577 »id
2253 2519 2390 2577 erat
2414 2508 2747 2597 profecto«

295 2606 566 2675 exhibet.
682 2607 934 2690 Quodsi
989 2612 1301 2678 MUELLER
1360 2615 1645 2681 animum
1697 2615 1950 2682 induxit
2007 2615 2076 2680 in
2139 2622 2318 2679 tanta
2392 2622 2746 2679 ceterorum

295 2711 579 2777 omnium
620 2712 909 2778 locorum
940 2713 1370 2802 discrepantia
1396 2717 1565 2784 hanc
1594 2719 1918 2808 praeferre
1947 2717 2306 2795 lectionem,
2336 2726 2470 2783 tam
2500 2715 2747 2780 alienae

294 2823 648 2880 structurae
710 2813 858 2881 ideo
931 2814 1276 2884 indulsisse
1339 2820 1610 2903 videtur,
1656 2822 1829 2910 quod
1874 2832 1939 2888 et
1981 2844 2063 2886 ex
2104 2819 2557 2887 sententiarum
2600 2819 2744 2905 ipso

291 2938 540 2982 conexu
580 2917 865 2983 futurum
907 2916 1013 2984 hic
1052 2918 1208 2985 ferri
1236 2945 1367 2987 non
1401 2946 1596 3009 posse
1627 2935 1894 3012 apparet
1921 2934 1985 2990 et
2012 2923 2185 3013 quod
2217 2921 2745 3011 praecedentibus

289 3018 569 3107 quinque
599 3029 709 3085 aut
734 3021 959 3088 saltem
990 3023 1197 3090 tribus
1227 3026 1590 3111 praeteritis
1623 3028 1931 3093 orationis
1964 3026 2386 3115 aequabilitas
2417 3024 2744 3091 concinni-

285 3132 513 3209 tasque
566 3122 1009 3212 imperfectum
1065 3125 1405 3212 desiderat,
1466 3129 1597 3195 nisi
1647 3129 1814 3196 forte
1868 3140 2070 3197 totam
2126 3128 2509 3195 sententiam
2564 3128 2744 3192 salvo

287 3246 482 3291 sensu
522 3246 836 3293 reicimus.

457 3326 645 3409 Quae
709 3352 855 3396 cum
919 3331 1012 3398 ita
1077 3332 1223 3416 sint,
1287 3334 1634 3401 tenendum
1687 3346 1791 3404 est
1831 3337 1919 3420 id,
1976 3337 2148 3426 quod
2192 3360 2388 3425 supra
2434 3335 2741 3401 diximus:

282 3430 663 3519 particulam
721 3433 1008 3515 profecto
1076 3459 1209 3502 non
1278 3438 1405 3504 nisi
1490 3440 1933 3525 praesenti,
2006 3440 2400 3530 perfecto,
2474 3438 2743 3503 futuro

284 3535 615 3622 coniungi3
660 3535 981 3623 quomodo
1003 3537 1094 3631 ‚id
1135 3539 1267 3621 fiat,
1312 3563 1484 3606 nunc
1528 3543 2009 3632 explicabimus·

456 3636 671 3718 Quam
727 3663 860 3706 non
917 3640 1275 3725 »profecto«
1337 3645 1421 3709 sit
1478 3645 1949 3725 affirmativum,
2007 3645 2523 3723 luculentissime,
2595 3643 2744 3709 inde

289 3740 687 3827 perspicitur,
732 3742 905 3829 quod
946 3765 1029 3809 ne
1071 3768 1196 3811 uno
1234 3746 1492 3832 quidem
1518 3748 1662 3815 loco
1709 3771 1854 3815 cum
1897 3749 2164 3837 perfecti
2203 3750 2413 3836 prima
2465 3769 2744 3836 persona

287 3840 691 3909 coniunctum
743 3845 1098 3933 reperimus
1157 3849 1542 3937 omninoque
1596 3852 1924 3920 rarissime
1968 3875 2114 3919 cum
2155 3852 2454 3941 perfecto,
2540 3851 2743 3937 Atqui

280 3940 442 4009 haec
503 3945 647 4034 ipsa
708 3945 918 4014 forma
979 3950 1330 4036 particulae
1386 3953 1578 4040 plane
1644 3955 2060 4024 affirmativae
2105 3965 2205 4023 est
2247 3955 2741 4038 accomodatior,

277 4068 473 4132 quam
518 4071 682 4134 quae
722 4052 1038 4119 maxime:

450 4151 738 4218 Alterius
782 4155 1048 4242 perfecti
1079 4179 1395 4244 personae
1432 4170 1687 4227 exstant
1707 4186 1838 4228 non
1860 4162 2135 4251 amplius
2159 4171 2403 4251 septem
2427 4161 2738 4248 exempla.

587 4255 683 4320 ad
706 4258 872 4323 Att.
905 4260 967 4340 3,
1003 4258 1103 4342 15,
1136 4261 1208 4326 3:
1240 4271 1350 4327 »tu
1378 4263 1507 4328 nisi
1535 4265 1711 4352 quod
1733 4274 1888 4348 erat,
1907 4267 2188 4347 profecto
2207 4288 2341 4332 non
2370 4264 2740 4353 scripsisti«.

449 4356 678 4425 Cicero
732 4359 802 4426 in
859 4361 1050 4427 exilio
1107 4362 1602 4435 Thessalonicae
1660 4391 1928 4435 versans
1983 4393 2024 4435 a
2079 4368 2463 4457 quibusdam
2514 4368 2738 4433 amicis

274 4461 513 4527 certior
553 4463 644 4550 fit,
701 4485 866 4550 quae
908 4463 1156 4532 Romae
1211 4480 1499 4555 agantur²
1567 4472 1684 4538 sed
1747 4472 1908 4539 alius
1973 4473 2143 4539 aliud
2209 4471 2444 4553 omittit
2497 4471 2603 4539 vel
2657 4471 2738 4537 de

2326 4574 2363 4633 2
