3142 5042
1401 199 1743 265 ...42-

507 424 639 506 Qui
692 426 872 491 locus
929 425 1120 493 nobis
1177 433 1438 512 quartus
1493 425 1783 501 occurrit,
1840 425 2098 492 exhibet
2148 424 2534 513 peculiarem
2587 433 2794 493 struc-

338 539 558 604 turam,
605 550 768 617 quae
813 528 955 594 aliis
998 529 1158 595 locis
1201 553 1331 594 non
1375 529 1712 596 invenitur.
1794 528 2118 617 Scriptum
2162 526 2456 595 videmus

507 634 661 698 Att.
739 632 836 703 11,
911 632 970 708 8,
1050 632 1118 696 1:
1194 632 1448 720 quantis
1504 632 1675 699 curis
1732 631 2052 707 conficiar,
2116 632 2239 698 etsi
2271 631 2556 714 profecto
2598 630 2788 698 vides

337 745 549 801 tamen
594 757 942 821 cognosces
988 758 1068 801 ex
1109 736 1319 824 Lepta
1361 745 1425 802 et
1463 734 1779 801 rl'rebatio.

507 836 699 919 Quod
740 838 1058 916 miramur,
1101 862 1232 905 non
1294 862 1419 926 quo
1476 838 1636 905 haec
1690 838 2075 905 constructio
2127 837 2475 927 particulae
2510 839 2795 920 protecto

332 942 593 1009 notione
639 940 846 1007 aliena
890 943 988 1019 sit,
1036 941 1151 1008 sed
1194 941 1368 1030 quod
1412 965 1452 1007 a
1495 942 1816 1009 communi
1872 964 1994 1008 usu
2050 940 2381 1023 abhorret3
2446 941 2790 1030 postremis

336 1044 590 1109 demum
633 1045 1028 1131 temporibus
1073 1045 1520 1111 transmutatio
1569 1046 1736 1130 talis,
1789 1068 1917 1135 qua
1967 1045 2035 1111 in
2093 1044 2538 1111 secundariam
2592 1042 2792 1110 enun-

334 1147 664 1214 tiationem
709 1149 1156 1214 transmittitur
1199 1148 1579 1233 »profecto«,
1634 1149 1702 1214 in
1746 1171 1866 1213 usu
1910 1170 2054 1215 esse
2097 1148 2340 1235 coepit;
2400 1149 2575 1214 velut
2617 1148 2789 1237 apud

331 1251 755 1317 Lactantium.

504 1355 695 1421 Nunc
758 1354 1221 1445 aggrediamur
1269 1355 1352 1420 ad
1423 1354 1905 1443 pertractandos
1971 1376 2084 1421 eos
2147 1354 2345 1438 locos,
2409 1352 2660 1441 quibus,
2720 1362 2796 1418 ut

334 1480 529 1546 supra
614 1458 1146 1542 commemoravi,
1217 1459 1423 1547 primo
1513 1467 1778 1545 aspectu
1862 1458 1930 1523 in
2005 1456 2383 1525 secundario
2459 1456 2787 1523 enuntiato

331 1568 706 1647 usurpatum
772 1561 1022 1628 videtur
1086 1561 1450 1647 »profecto«.
1561 1564 1858 1648 Namque
1915 1561 2292 1649 saepissime
2343 1559 2666 1625 invenitur
2719 1561 2788 1625 in

334 1664 675 1731 enuntiatis
748 1658 1050 1749 relativis,
1122 1687 1286 1751 quae
1358 1673 1574 1731 tamen
1645 1666 1854 1733 forma
1917 1664 2129 1752 potius
2204 1686 2398 1751 quam
2463 1684 2658 1729 sensu
2718 1663 2787 1729 in

335 1766 726 1835 secundariis
782 1770 1175 1835 numeranda
1232 1778 1397 1852 sunt,
1454 1769 1538 1835 ad
1578 1768 1966 1836 fulciendam
2010 1766 2421 1855 hypothesim
2465 1765 2787 1853 quandam

332 1870 455 1953 vel,
501 1878 572 1936 ut
610 1871 997 1939 recentiores
1043 1872 1280 1952 dicunt,
1329 1873 1857 1962 suppositionem,
1899 1894 2032 1938 non
2072 1892 2388 1957 nusquam
2429 1869 2656 1935 eodem
2683 1869 2789 1935 vel

333 1973 527 2038 simili
590 1976 788 2041 verbo
856 1975 1160 2043 adhibito.
1271 1975 1483 2058 Quem
1548 1999 1735 2042 usum
1797 1975 1927 2041 iam
1992 1998 2054 2063 p.
2114 1974 2211 2039 16.
2268 1972 2613 2059 attigimus,
2675 1972 2789 2038 ubi

333 2077 762 2164 exposuimuS,
810 2080 989 2145 cuius
1033 2080 1285 2167 generis
1331 2080 1742 2147 condiciones
1789 2101 1932 2145 esse
1977 2077 2270 2156 debeant,
2325 2089 2397 2141 ut
2438 2075 2584 2141 talis
2630 2096 2783 2141 con-

329 2180 605 2247 firmatio
652 2181 941 2248 adhiberi
984 2184 1206 2271 possit.

636 2285 952 2375 Exempla
992 2310 1131 2353 rem
1176 2288 1736 2354 demonstrabunt:

503 2388 714 2453 Lael.
760 2389 874 2455 48:
933 2388 1144 2471 Quam
1192 2391 1274 2457 ob
1317 2413 1475 2473 rem,
1530 2389 1588 2455 si
1630 2388 1801 2455 cadit
1841 2388 1909 2452 in
1953 2387 2300 2478 sapientem
2342 2385 2540 2453 animi
2585 2383 2775 2466 dolor,

332 2490 441 2575 qui
472 2490 761 2572 profecto
806 2492 994 2576 cadit,
1026 2544 1043 2562 .
1077 2544 1091 2559 .
1126 2545 1142 2562 .
1174 2516 1333 2580 quae
1377 2516 1574 2560 causa
1617 2501 1731 2571 est,
1778 2514 1891 2558 cur
1934 2492 2281 2558 amicitiam
2322 2541 2337 2555 .
2372 2539 2389 2555 .
2420 2535 2437 2552 .
2465 2488 2780 2556 tollamus.

504 2616 613 2681 ep.
673 2595 774 2675 13,
832 2595 935 2679 64,
991 2598 1063 2661 2:
1128 2619 1324 2683 quare
1378 2597 1434 2662 si
1486 2606 1550 2662 te
1605 2596 1855 2661 fautore
1895 2617 2053 2661 usus
2098 2595 2237 2678 erit,
2282 2593 2470 2660 sicuti
2500 2590 2785 2674 profecto

328 2696 542 2762 utetur
587 2705 653 2763 et
691 2720 847 2765 usus
893 2709 1012 2782 est,
1071 2700 1501 2787 amplissimas
1547 2699 1875 2765 clientelas
1922 2747 1938 2763 .
1987 2749 2001 2764 .
2048 2747 2062 2764 .
2108 2699 2486 2765 confirmare
2529 2694 2784 2782 poterit.

503 2800 560 2865 d.
609 2800 666 2865 d.
713 2803 866 2872 nat.
912 2804 969 2878 2,
1016 2803 1126 2869 78:
1173 2805 1348 2892 atqui
1400 2825 1668 2871 necesse
1725 2810 1837 2885 est,
1882 2824 2040 2869 -cum
2096 2802 2225 2868 sint
2294 2799 2403 2884 dii,
2471 2799 2529 2866 si
2590 2798 2784 2865 modo

331 2910 494 2982 sunt,
539 2911 611 2968 ut
644 2898 927 2987 profecto
964 2917 1131 2991 sunt,
1177 2909 1517 2974 animantis
1563 2928 1720 2976 esse.

498 3008 648 3075 Non
691 3008 1034 3077 dissimiles
1079 3010 1278 3077 affero
1320 3011 1441 3077 hos
1484 3011 1694 3078 locos:

498 3113 653 3177 Att.
713 3113 815 3197 10,
870 3114 930 3198 4,
999 3116 1066 3181 1:
1135 3124 1202 3180 at
1255 3114 1630 3205 deplorandi
1674 3114 1950 3203 quidem,
1998 3112 2170 3202 quod
2214 3110 2447 3177 cotidie
2490 3109 2786 3191 facimus,

329 3214 415 3279 sit
453 3215 585 3283 iam
630 3216 817 3283 nobis
862 3226 972 3284 aut
1011 3218 1160 3283 finis
1206 3218 1485 3302 omnint),
1530 3219 1590 3284 si
1630 3225 1861 3307 potest,
1906 3225 2017 3284 aut
2076 3214 2431 3282 moderatio
2472 3211 2786 3301 quaedam

328 3317 499 3405 quod
531 3319 819 3401 profecto
863 3329 1093 3408 potest.

502 3421 558 3486 d.
590 3422 622 3487 f
629 3423 724 3489 in.
754 3424 814 3508 4,
853 3423 965 3488 66:
1013 3424 1070 3490 si
1089 3423 1249 3489 nihil
1271 3433 1386 3509 est,
1407 3424 1579 3513 quod
1612 3434 1746 3491 tam
1766 3424 2033 3490 miseros
2052 3422 2248 3490 faciat
2269 3443 2463 3510 quam
2483 3419 2776 3508 impietas

327 3533 392 3589 et
457 3525 684 3608 sceluS‚
753 3536 824 3592 ut
882 3530 1013 3593 iam
1077 3549 1301 3595 omnes
1354 3528 1732 3616 insipientes
1789 3527 1934 3611 sint,
1987 3526 2225 3609 miseri,
2282 3524 2454 3610 quod
2500 3524 2782 3606 profecto

329 3637 493 3713 sunt,
536 3653 663 3696 non
711 3640 809 3696 est
849 3638 1064 3697 tamen
1108 3653 1308 3718 aeque
1352 3631 1547 3697 miser
1593 3680 1609 3696 .
1657 3680 1673 3697 .
1721 3680 1736 3695 .

498 3731 708 3814 Quem
774 3755 963 3799 usum
1027 3735 1158 3800 iam
1223 3734 1474 3824 pridem
1541 3757 1582 3799 a
1644 3730 1801 3800 viris
1859 3730 2065 3800 doctis
2132 3734 2544 3799 observatum
2602 3731 2786 3797 illum

328 3836 606 3924 quidem,
669 3836 783 3903 sed
841 3861 973 3903 non
1025 3845 1198 3903 recte
1251 3847 1656 3928 perspectum
1714 3859 1857 3904 esse
1885 3860 2042 3904 ·non
2096 3857 2597 3903 commemorare
2650 3857 2810 3931 non·

326 3961 622 4027 possum3
688 3941 1027 4008 vertebant
1080 3941 1250 4007 enim
1301 3940 1395 4005 illi
1449 3941 1809 4023 »profecto«
1860 3950 2084 4009 nostro
2148 3939 2536 4022 »wirklich‹,
2607 3940 2787 4010 velut

325 4043 546 4108 Amor:
603 4043 676 4128 (1.
733 4065 784 4109 c.
838 4068 897 4131 p.
955 4043 1068 4130 23)
1116 4067 1306 4133 quem
1373 4067 1568 4133 supra
1613 4068 1693 4111 ex
1734 4044 1952 4111 Laelio
2013 4044 2525 4132 deprompsimus
2568 4045 2785 4111 locum

325 4146 477 4235 »qui
515 4148 796 4228 protecto
863 4145 1071 4213 cadit«
1122 4149 1316 4215 vertit
1389 4149 1558 4215 »und
1618 4171 1688 4214 er
1730 4147 1932 4214 findet
1973 4146 2260 4214 wirklich
2317 4148 2783 4235 Anwendung‹

324 4249 452 4316 His
521 4248 1034 4317 commodissime
1095 4252 1429 4341 respondit
1494 4250 1568 4320 O.
1622 4252 1693 4318 F.
1738 4249 1847 4318 W.
1892 4251 2203 4318 Momm
2258 4251 2469 4338 (Lael.
2516 4276 2578 4339 p.
2626 4250 2781 4339 331)

324 4352 451 4420 hoc
491 4353 684 4419 modo
730 4376 860 4419 non
893 4355 1178 4435 profecto
1221 4354 1600 4443 particulam
1641 4354 1825 4438 verti,
1880 4379 2032 4421 nam
2084 4365 2373 4422 nostrum
2416 4354 2784 4423 »wirklich‹

324 4479 457 4522 non
520 4464 651 4522 tam
718 4480 797 4523 ex
859 4457 972 4522 illa
1036 4458 1398 4524 affirmandi
1459 4457 1774 4545 particula
1834 4458 2125 4544 evadere,
2191 4482 2382 4549 quam
2447 4480 2530 4525 ex
2582 4458 2782 4531 totius
