3142 5042
1439 227 1736 297 —9.-‘-

349 458 712 548 »profecto«
754 458 816 523 h.
863 480 920 525 e.
962 482 1095 524 non
1138 455 1414 546 ponitur,
1462 456 1518 523 si
1561 456 1718 546 quid
1761 480 1913 525 vere
1954 459 2197 526 factum
2254 454 2562 525 affirmari
2619 455 2811 523 debet

355 563 761 651 (objective),
809 562 923 628 sed
979 562 1035 627 si
1090 560 1233 648 quis
1334 583 1450 626 sua
1534 560 1739 649 ipsius
1828 563 2146 647 sententia
2210 562 2362 649 quid
2442 568 2814 628 eventurum

352 667 454 733 vel
525 667 665 733 fore
735 666 1069 752 significat.
1152 661 1338 744 Quae
1393 686 1538 729 cum
1597 662 1707 730 ita
1749 664 1896 748 sint,
1953 666 2126 752 apud
2178 666 2479 731 Plautum
2524 663 2816 746 profecto

351 769 565 858 aptius
621 777 737 851 est,
794 769 967 856 quod
1021 766 1295 834 addatur
1347 767 1547 834 verbo
1606 767 1932 851 >mescio»3
1988 769 2160 857 apud
2212 767 2603 856 posteriores
2657 789 2811 833 vero

351 877 554 938 »certe
593 872 858 951 nescio«,
901 892 1033 934 non
1076 875 1277 939 »certo
1320 870 1566 936 nescio«
1609 869 1764 937 ferri
1806 892 2018 959 posse,
2066 871 2325 938 disserit
2369 869 2817 958 copiosissime

353 976 583 1043 HAASE
628 974 1103 1061 (Vorlesungen
1145 973 1306 1039 iiber
1347 972 1723 1040 lateinische
1758 971 2456 1062 Sprachwissenschaft
2500 973 2600 1062 ed.
2644 972 2814 1039 ΕΘΚ-

361 1101 532 1145 strum
575 1088 638 1145 et
678 1079 888 1144 Pmm
927 1077 983 1158 Ι,
1033 1075 1211 1161 114).

527 1187 564 1264 ξ
609 1183 666 1247 3.
769 1180 1093 1261 Quoniam
1165 1176 1444 1245 vidimus
1515 1179 1803 1261 profecto
1870 1180 2233 1247 Plautinum
2300 1181 2672 1269 plerumque
2739 1202 2820 1243 ex

361 1285 782 1373 etymologiae
824 1282 1180 1348 rationibus
1227 1281 1606 1371 particulam
1650 1282 1839 1370 plane
1884 1283 2336 1350 affirmativam
2382 1305 2542 1365 esse,
2598 1290 2817 1364 restat,

358 1398 428 1455 ut
479 1389 611 1455 iam
654 1389 722 1453 in
767 1385 1064 1453 Plautino
1121 1408 1261 1464 usu,
1318 1385 1483 1451 sicut
1548 1395 1686 1452 erat
1738 1386 2167 1474 propositum,
2223 1410 2304 1454 ex
2369 1386 2525 1452 satis
2580 1383 2818 1471 apertis

359 1492 650 1580 vestigiis
696 1487 1048 1578 primordia
1089 1487 1260 1553 illius
1303 1488 1576 1574 insignis
1624 1489 2107 1575 significationis
2166 1491 2602 1571 enucleemuS,
2648 1510 2815 1574 quae

357 1594 826 1684 posterioribus
871 1591 1270 1681 temporibus
1314 1591 1568 1656 firmata
1607 1601 1796 1680 atque
1842 1593 2125 1660 stabilita
2166 1604 2281 1660 est.
2337 1593 2488 1659 Hoc
2528 1593 2596 1657 in
2624 1592 2817 1657 totius

365 1699 444 1764 de
489 1721 611 1763 usu
652 1695 954 1769 Plautino
1003 1694 1395 1781 quaestionis
1441 1695 1722 1782 quodam
1768 1696 2027 1763 cardine
2069 1698 2281 1784 placet
2323 1718 2435 1763 eos
2476 1695 2675 1778 locOS,
2708 1695 2817 1782 qui

362 1802 491 1867 huc
542 1799 893 1889 pertinent,
951 1799 1285 1884 diligenter
1340 1797 1698 1886 exprimere
1760 1822 2110 1889 eorumque
2167 1807 2635 1887 argumentum,
2692 1821 2819 1885 quo

363 1905 591 1972 melius
636 1903 990 1994 particulae
1033 1901 1134 1967 vis
1169 1901 1617 1990 perspiciatur,
1663 1922 1999 1991 exponere.

671 2007 945 2096 Amph.
1020 2007 1217 2073 1100:
1260 2005 1354 2070 ita
1384 2004 1671 2086 profecto
1717 2006 1855 2071 sine
1899 2007 2121 2072 dolore
2165 2003 2431 2091 peperit.

542 2110 934 2200 Amphitruo
1019 2116 1430 2199 percontatur
1513 2108 1593 2173 de
1676 2109 2104 2197 parturientis⁸
2168 2108 2389 2175 uxoris
2462 2106 2828 2175 valetudine

361 2215 696 2281 Bromiam
728 2213 1226 2301 ancillam,quae
1246 2212 1666 2298 interroganti
1676 2211 2033 2300 respondet,
2060 2212 2388 2301 peperisse
2400 2212 2825 2278 Alcumenam

363 2318 654 2405 geminos
698 2316 892 2403 idque
935 2315 1155 2398 facile;
1199 2339 1390 2381 »nam
1431 2338 1698 2383 uxorem
1742 2324 1920 2381 tuam
1961 2338 2170 2402 neque
2213 2324 2574 2403 gementem
2615 2334 2826 2399 neque

363 2423 728 2511 plorantem
800 2429 1095 2486 nostrum
1167 2419 1509 2507 quisquam
1586 2419 1998 2485 audivimus«.
2122 2418 2269 2501 Quo
2358 2441 2439 2484 ex
2511 2437 2825 2504 responso

368 2523 729 2611 suspicatur
772 2522 1160 2609 Amphitruo
1209 2523 1346 2588 sine
1393 2522 1722 2588 doloribus
1751 2522 1928 2588 illam
1958 2531 2212 2609 partum
2244 2520 2554 2602 edidisse3
2585 2527 2826 2586 certam

368 2624 858 2691 affirmationem
885 2625 1342 2693 subridiculam
1353 2647 1558 2714 paene
1574 2647 1717 2690 esse
1754 2625 1897 2713 quis
1922 2634 2038 2707 est,
2067 2624 2222 2711 quin
2244 2623 2631 2711 cognoscat?
2679 2621 2838 2704 Qua

332 2751 444 2812 ¹re
488 2728 597 2794 hic
637 2727 994 2794 rectissime
1025 2730 1314 2811 profecto
1359 2727 1715 2816 subjective
1761 2737 1860 2795 est
1901 2727 2363 2816 accipiendum.

675 2830 906 2897 Most.
955 2831 1113 2897 956:
1157 2832 1407 2899 habitat
1435 2831 1758 2914 profecto3
1813 2854 1965 2898 nam
2005 2830 2146 2897 heri
2206 2841 2269 2896 et
2310 2830 2543 2896 nudius
2599 2829 2827 2899 tertius

571 2958 922 3023 numquam
965 2935 1072 3002 hic
1116 2936 1393 3002 triduom
1437 2959 1636 3001 unum
1680 2935 2019 3001 desitumst
2061 2934 2364 3022 potarier.

537 3039 895 3106 Phaniscus
972 3062 1117 3106 cum
1219 3047 1547 3126 quaerenti
1563 3086 1580 3121 ‚
1657 3060 1870 3103 nonne
1946 3037 2362 3103 Philolaches
2448 3036 2823 3103 adulescens

368 3143 551 3209 hisce
604 3143 673 3208 in
730 3142 997 3209 aedibus
1058 3141 1909 3233 habitaret‚,Theu1-opides
1980 3141 2386 3230 responderit
2455 3140 2636 3206 illum
2698 3139 2829 3207 iam

368 3245 618 3334 pridem
655 3244 1006 3332 emigrasse
1036 3245 1423 3333 omninoque
1456 3268 1569 3311 sex
1599 3246 1729 3310 iam
1757 3267 2012 3313 menses
2041 3245 2364 3312 neminem
2392 3244 2499 3310 hic
2518 3242 2829 3323 habitare,

369 3372 502 3416 non
529 3348 750 3414 tribuit
769 3347 957 3415 fidem
984 3349 1135 3416 huic
1161 3370 1509 3436 responso:
1537 3371 1691 3415 nam
1719 3348 1933 3438 ipsum
1962 3348 2255 3436 proxime
2286 3345 2831 3415 commissationis

372 3453 709 3519 tumultum
731 3449 838 3517 hic
862 3450 1136 3529 audisse,
1154 3474 1281 3537 qua
1297 3476 1378 3518 ex
1392 3472 1460 3516 re
1475 3450 1773 3537 colligere
1788 3473 1857 3517 se
1878 3451 2155 3540 aliquem
2168 3451 2275 3517 hic
2291 3451 2483 3517 etiam
2498 3449 2792 3519 habitare
2811 3474 2826 3514 :

372 3555 659 3625 »habitat
700 3552 1020 3636 profecto«
1076 3553 1339 3639 (gewiss
1405 3553 1625 3621 wohnt
1702 3577 1771 3620 er
1823 3553 2014 3639 hier).
2083 3554 2270 3620 Haec
2347 3552 2708 3636 affirmatiO‚
2776 3551 2833 3618 si

372 3659 564 3725 modo
610 3668 727 3740 est,
772 3656 841 3722 in
883 3657 1028 3744 ipsa
1073 3656 1436 3724 coniectura
1480 3665 1574 3722 est
1615 3656 1845 3745 posita.

547 3760 857 3829 Similiter
899 3782 1007 3825 res
1053 3781 1123 3826 se
1166 3759 1365 3825 habet
1408 3759 1531 3825 hoc
1575 3759 1750 3825 loco:

676 3864 817 3929 Mil.
868 3863 1063 3930 1282:
1120 3862 1252 3928 iam
1292 3884 1413 3928 nos
1458 3861 1595 3927 volt
1634 3862 1692 3927 is
1727 3861 2028 3943 profecto,

545 3963 1068 4054 Pyrgopolinices
1115 3975 1178 4032 et
1218 3964 1571 4031 Palaestrio
1619 3985 1765 4031 cum
1807 3967 2213 4053 peregrinum
2243 3966 2559 4054 quendam
2591 3966 2834 4053 adven-

375 4075 612 4133 tantem
667 4068 926 4135 videant
978 4076 1088 4148 (sc.
1145 4067 1531 4135 Pleusiclem
1586 4067 2111 4155 adulescentem),
2167 4069 2465 4157 expedire
2520 4069 2646 4136 sibi
2701 4093 2833 4136 non

373 4179 677 4261 possunt,
743 4194 867 4257 quo
933 4173 1154 4239 tendat
1214 4172 1322 4238 ille
1394 4180 1665 4239 »ornatu
1729 4173 2116 4240 thassalico«
2188 4172 2466 4239 indutus.
2577 4171 2831 4254 Quibus

375 4272 758 4341 mirantibus
804 4295 949 4340 cum
977 4276 1171 4342 homo
1207 4275 1586 4364 peregrinus
1619 4275 1927 4363 paulatim
1956 4275 2441 4365 appropinquet,
2473 4277 2834 4363 suspicatur

375 4377 763 4445 Palaestrio:
819 4376 987 4443 »iam
1038 4399 1160 4445 nos
1216 4379 1353 4444 volt
1393 4378 1451 4444 is
1505 4379 1814 4466 profecto.
1893 4378 2247 4447 Nauclerus
2309 4379 2421 4446 hic
2473 4378 2833 4466 quidemst<

377 4480 524 4564 (das
566 4481 653 4547 ist
697 4482 799 4547 ein
824 4478 1229 4563 Schiffsherr,
1275 4479 1388 4545 der
1433 4480 1560 4546 will
1603 4482 1833 4577 gewiss
1876 4506 1960 4549 zu
2001 4486 2169 4567 uns).
2213 4482 2363 4551 Hoc
2406 4503 2658 4569 quoque
2686 4482 2829 4550 loco
