3142 5042
1304 237 1681 302 --21-

578 467 763 548 potes
797 444 1114 547 profecto:
1159 461 1217 528 d.
1262 462 1410 545 leg.
1460 462 1517 545 1,
1563 462 1637 545 53
1682 461 1947 529 Deiot.
1995 461 2091 526 15.
2131 520 2132 523 ,

572 563 774 630 habes
808 564 1125 650 profecto:
1167 566 1323 631 Att.
1366 564 1425 645 4,
1475 566 1574 646 17,
1601 566 1680 632 -4.
1754 564 2005 632 habetis
2048 563 2213 631 Mil.
2260 565 2319 629 4.

442 668 781 734 Postremo
851 668 1161 756 exemplis
1228 667 1614 753 quibusdam
1682 693 1902 735 veram
1965 668 2415 759 propriamque
2468 678 2729 736 nostrae

270 770 622 859 particulae
665 772 996 838 notionem
1038 770 1472 838 ostendamus·

445 873 835 940 Gravissimi
877 873 1178 940 videntur
1223 896 1365 940 esse
1409 875 1538 941 loci
1578 874 1678 940 hi:

574 978 730 1043 Att.
776 978 837 1060 2,
884 978 985 1056 23,
1031 978 1102 1043 3:
1163 979 1585 1063 quamobrem
1611 978 1687 1065 ¹si
1728 1001 1832 1044 me
1877 1000 2057 1044 amas
2092 987 2359 1058 tantum,
2417 988 2726 1066 quantum

467 1080 749 1166 profecto
794 1103 991 1165 amaS,
1037 1131 1051 1145 .
1101 1129 1114 1144 .
1162 1130 1175 1143 .
1223 1081 1666 1169 expergiscere
1713 1131 1727 1146 .
1776 1131 1791 1146 .
1846 1130 1862 1146 .

580 1186 733 1251 Att.
782 1183 839 1261 2,
885 1184 985 1262 20,
1031 1186 1104 1248 5:
1196 1193 1264 1249 tu
1310 1184 1365 1250 si
1407 1207 1511 1250 me
1557 1206 1736 1250 amas
1782 1193 2050 1266 tantum,
2117 1193 2425 1270 quantum
2442 1184 2728 1270 profecto

478 1308 678 1368 amaS,
724 1286 1057 1373 expeditus
1101 1286 1295 1353 facito
1341 1336 1357 1353 .
1408 1336 1423 1351 .
1472 1337 1488 1352 .

446 1387 569 1456 Oui
637 1389 886 1476 utrique
954 1390 1098 1456 loco
1162 1413 1244 1455 ex
1309 1389 1582 1456 adverso
1648 1389 1844 1478 positi
1908 1399 2058 1455 sunt
2111 1389 2236 1456 duo
2291 1388 2435 1470 loci,
2498 1389 2729 1477 quibus

271 1499 525 1556 »certe«
569 1493 707 1578 pari
750 1491 942 1558 modo
988 1492 1353 1559 adhibetur:

581 1617 687 1684 ep.
753 1596 810 1675 9,
876 1597 977 1678 13,
1039 1596 1109 1660 4:
1181 1595 1475 1680 reditum,
1542 1597 1600 1661 si
1663 1620 1768 1663 me
1822 1599 2110 1680 tantum}
2132 1617 2331 1675 amaS,
2420 1605 2727 1683 quantum

273 1707 490 1763 certe
536 1720 736 1782 amaS,
778 1698 1147 1767 hominibus
1194 1701 1433 1765 confice
1481 1750 1495 1765 .
1530 1749 1545 1764 .
1581 1749 1596 1764 .

581 1825 690 1890 ep.
741 1802 851 1884 ll,
901 1803 1002 1886 16,
1049 1804 1121 1869 3:
1167 1825 1339 1868 nunc
1384 1802 1439 1868 si
1482 1827 1587 1869 me
1616 1802 1778 1869 tanti
1821 1802 1999 1883 facis,
2027 1804 2248 1892 quanti
2292 1812 2505 1870 certe
2548 1802 2731 1887 faciS,

469 1904 651 1972 mitte
695 1905 778 1971 ad
819 1906 1077 1996 Lupum
1120 1916 1428 1973 nostrum.

445 2006 659 2089 Quem
703 2009 786 2074 ad
828 2009 1091 2077 modum
1146 2010 1313 2076 hanc
1371 2008 1867 2097 discrepantiam
1921 2009 2228 2097 explicari
2294 2010 2562 2076 censes?
2625 2012 2735 2076 An

268 2135 498 2200 reapse
538 2113 818 2198 profecto
864 2123 928 2180 et
996 2125 1209 2180 certe
1264 2114 1435 2180 idem
1491 2115 1709 2180 valent
1763 2122 1826 2179 et
1871 2112 2217 2178 discrimen
2261 2122 2538 2179 statuere
2585 2136 2730 2178 ver-

270 2218 503 2283 borum
547 2217 801 2306 aucupii
847 2218 1355 2306 captationisque
1400 2217 1540 2283 est?
1587 2216 1857 2284 Minime
1903 2240 2090 2282 vero:
2145 2216 2235 2281 ibi
2268 2215 2570 2302 profecto,
2625 2216 2730 2282 hic

272 2329 490 2386 certe
535 2322 938 2409 aptissimum
992 2331 1107 2387 est.

443 2423 524 2488 In
565 2424 692 2491 illis
724 2424 809 2490 ad
833 2425 1122 2493 Atticum
1155 2424 1320 2491 datis
1367 2424 1595 2490 litteris
1622 2422 1921 2490 Ciceroni
1964 2423 2145 2489 licuit
2187 2447 2303 2512 pro
2349 2423 2573 2488 intima
2616 2423 2727 2487 illa

272 2522 700 2592 familiaritate
756 2528 1016 2616 paulum
1070 2528 1360 2593 dubitare
1409 2527 1488 2593 de
1532 2526 1702 2592 illius
1746 2549 1984 2592 amore.
2076 2526 2410 2604 Quodcum
2452 2527 2729 2612 profecto

277 2623 494 2690 addito
541 2626 953 2695 dubitationis
1010 2632 1286 2713 speciem
1339 2631 1740 2716 interposuit,
1808 2653 1883 2696 eo
1951 2629 2392 2697 vehementius
2455 2629 2731 2695 amicum

274 2738 663 2794 commotum
704 2730 786 2795 iri
831 2732 955 2797 sibi
996 2734 1319 2819 persuasit
1349 2732 1599 2800 Cicero.

439 2831 666 2917 Longe
722 2833 907 2900 aliter
960 2857 1065 2900 res
1122 2857 1192 2901 se
1234 2834 1431 2903 habet
1475 2837 1889 2922 sequentibus
1934 2836 2114 2902 locis.
2217 2836 2430 2918 Quam
2482 2837 2725 2923 impor—

269 2943 445 3017 tuna,
487 2957 572 3002 ne
616 2936 829 3004 dicam
869 2937 1090 3026 inepta
1130 2937 1360 3005 fuisset
1400 2940 1548 3005 talis
1594 2939 1928 3006 sinceritas
1970 2939 2041 3006 in
2081 2938 2209 3005 illis
2265 2940 2490 3006 litteris
2506 2990 2524 3022 ,
2569 2963 2729 3027 quas

268 3036 448 3103 misit
490 3038 572 3103 ad
612 3041 1019 3108 Dolabellam
1063 3052 1127 3109 et
1165 3043 1457 3108 Brutum.

445 3140 853 3231 Quamquam
875 3146 1046 3211 enim
1066 3146 1410 3212 Dolabella
1433 3145 1799 3231 amicitiam,
1831 3169 1958 3234 qua
1988 3169 2134 3212 cum
2158 3144 2469 3213 Cicerone
2505 3168 2728 3213 socero

271 3255 409 3311 erat
451 3246 846 3332 coniunctus,
893 3248 1213 3316 dissuerat
1256 3248 1501 3314 Tulliae
1555 3249 1777 3314 nuntio
1842 3249 2115 3316 remisso
2133 3300 2147 3329 ,
2214 3260 2429 3316 tamen
2499 3249 2728 3317 Cicero

270 3348 542 3414 artificio
588 3350 1010 3419 simulationis
1054 3353 1248 3420 homo
1295 3352 1763 3420 eruditissimus
1808 3353 1872 3419 in
1919 3354 2201 3419 maxima
2243 3353 2489 3420 invidia
2516 3352 2719 3420 Dola-

269 3452 507 3535 bellae,
597 3453 707 3539 qui
779 3465 1019 3541 quanto
1091 3458 1158 3522 in
1244 3456 1488 3523 honore
1570 3454 1744 3544 apud
1832 3455 2181 3523 Caesarem
2269 3464 2471 3538 esset,
2554 3455 2728 3521 haud

270 3555 610 3641 ignoravit,
656 3556 831 3622 omni
874 3557 1066 3624 modo
1111 3559 1388 3625 blandiri
1433 3559 1691 3624 studuit.
1802 3557 2021 3640 Quare
2079 3560 2203 3625 sibi
2256 3560 2396 3648 ipse
2443 3559 2729 3625 officeret

275 3656 522 3741 Cicero,
567 3659 626 3725 si
669 3660 1007 3727 scriberet:
1053 3689 1080 3718 »
1098 3671 1406 3748 quantum
1446 3663 1727 3747 profecto
1782 3685 1961 3728 amas
1978 3690 2025 3745 «,
2092 3685 2223 3728 non
2256 3685 2382 3749 quo
2413 3671 2551 3729 tam
2573 3672 2725 3729 arto

276 3760 588 3830 amicitiae
631 3763 888 3831 vinculo
933 3786 1079 3830 cum
1124 3787 1200 3830 eo
1246 3766 1619 3832 coniunctus
1679 3775 1867 3847 esset,
1912 3775 1984 3830 ut
2026 3794 2052 3824 »
2071 3775 2283 3832 certe«
2341 3765 2552 3831 dicere
2615 3764 2726 3832 de-

274 3865 467 3948 beret,
514 3866 629 3933 sed
672 3866 846 3955 quod
891 3866 1055 3934 dolis
1102 3876 1166 3934 et
1205 3867 1477 3939 fallaciis
1534 3869 1996 3936 circumvenire
2048 3868 2376 3937 contendit
2431 3868 2726 3936 odiosum

270 3965 450 4035 illum
490 3993 815 4057 generum.

441 4074 591 4139 Non
656 4071 984 4140 dissimilis
1051 4083 1151 4140 est
1215 4074 1476 4143 alterius
1539 4075 1670 4142 loci
1724 4076 1908 4158 ratio,
1954 4075 2064 4162 qui
2119 4074 2535 4163 epistularum
2576 4077 2721 4142 libr.

267 4174 370 4242 XI
399 4177 470 4241 in
497 4185 680 4243 sexta
727 4175 976 4244 decima
1015 4177 1338 4245 invenitur
1381 4177 1532 4246 data
1577 4178 1659 4243 ad
1699 4181 1782 4246 D.
1828 4178 2118 4243 Brutum.
2166 4176 2314 4259 Quo
2347 4181 2468 4246 etsi
2492 4178 2723 4246 Cicero

267 4279 767 4346 familiarissime
808 4281 1123 4363 utebatur,
1168 4291 1385 4349 tamen
1428 4305 1651 4349 eorum
1696 4280 2089 4349 consuetudo
2135 4304 2268 4349 non
2318 4292 2455 4349 tam
2494 4282 2721 4348 intima

271 4393 464 4471 atque
504 4382 838 4450 familiaris
882 4394 1038 4466 erat,
1082 4398 1154 4449 ut
1194 4383 1424 4453 Cicero
1471 4386 1821 4452 amicitiam
1846 4384 1915 4450 in
1944 4383 2140 4452 dubio
2168 4408 2409 4475 ponere
2432 4384 2717 4472 auderet,

268 4486 339 4552 id
383 4485 555 4573 quod
595 4485 915 4554 locutione
959 4487 1275 4572 »profecto
1316 4488 1477 4556 facis
1493 4518 1519 4547 «
1564 4490 1763 4555 fieret.
