3142 5042
1408 208 1753 273 -46-

354 428 485 495 und
510 429 831 513 wahrlieh,
850 430 1229 517 quibuscum
1258 431 1420 498 miro
1453 429 1732 518 quodam
1761 452 1975 497 errore
1986 434 2271 516 profecto
2288 430 2809 497 confundebatur.

522 532 626 603 De
670 532 993 600 locutione
1041 533 1290 601 »nescio
1336 533 1480 623 quis
1514 534 1837 619 profecto«
1876 533 2008 601 iam
2052 556 2249 622 supra
2279 533 2451 621 apud
2485 533 2810 600 Terentia·

350 658 506 702 num
549 658 736 701 usum
779 636 1365 723 recognoscendum
1409 636 1801 722 disputatum
1846 645 1973 718 est3
2030 637 2154 704 hac
2209 636 2546 705 occasione
2605 635 2812 702 obiter

352 761 786 806 commemoro
817 741 1101 821 profecto
1145 740 1401 829 saepius
1453 740 1817 827 pronomini
1880 739 2218 828 »quidam«
2268 739 2461 829 idque
2515 739 2655 805 sine
2697 762 2812 806 ex-

352 842 645 930 ceptione
688 842 913 908 formis
958 843 1349 932 »quaedam«
1393 851 1459 909 et
1497 843 1878 932 »quiddam«
1922 842 2239 929 coniungi.

406 990 412 997 -
511 945 795 1030 profecto
835 947 1054 1013 nescio
1100 947 1284 1035 quid:
1329 948 1482 1012 Att.
1533 945 1633 1029 10,
1675 945 1735 1031 4,
1782 947 1888 1033 113
1934 947 1991 1012 d.
2035 946 2180 1033 leg.
2227 946 2501 1033 agr..2,
2549 944 2649 1011 28.

524 1049 815 1136 quidam:
871 1049 1084 1116 Tusc.
1133 1051 1197 1132 1,
1243 1049 1397 1126 1183
1453 1048 1604 1116 div.
1656 1050 1710 1132 1,
1751 1050 1865 1128 47;
1911 1052 2073 1116 Att.
2122 1050 2178 1133 1,
2223 1047 2324 1132 11,
2369 1049 2437 1124 1;
2498 1048 2596 1132 12,
2642 1048 2698 1132 1,
2741 1049 2810 1124 2;

348 1152 440 1217 ad
488 1149 623 1232 Qu.
667 1151 749 1216 fr.
795 1154 855 1235 2,
899 1153 957 1236 2,
1004 1154 1068 1229 13
1115 1151 1335 1220 Caec.
1379 1150 1494 1228 483
1542 1150 1600 1216 d.
1645 1151 1781 1239 leg.
1828 1176 1983 1241 agr.
2029 1153 2088 1236 2,
2145 1153 2257 1229 353
2304 1149 2499 1220 Sest.
2553 1151 2648 1217 17.

518 1252 714 1335 Quod
758 1254 981 1320 attinet
1025 1254 1108 1320 ad
1151 1256 1565 1342 negationum
1608 1277 1795 1321 usum
1856 1255 2028 1343 apud
2068 1255 2372 1341 profectO,
2423 1255 2611 1321 tertia
2671 1278 2810 1321 om-

354 1357 532 1424 nium
582 1358 866 1443 locorum
921 1379 1073 1445 pars
1117 1357 1438 1427 invenitur
1485 1357 1553 1423 in
1608 1358 1923 1446 negativis
1992 1359 2364 1435 enuntiatis3
2432 1356 2811 1446 saepissime

352 1460 666 1547 reperitur
726 1484 930 1526 »non«
1003 1460 1667 1548 (duodequadragies),
1747 1485 2179 1550 »numquam«
2238 1461 2508 1550 (septies
2556 1459 2811 1544 decies),

352 1563 578 1629 »nihil«
620 1565 866 1649 (quater
903 1574 968 1630 et
1006 1564 1246 1648 vicies),
1281 1564 1568 1630 »nullus«
1607 1563 1860 1652 (quater
1902 1565 2158 1648 decies),
2199 1587 2466 1631 »nemo«
2513 1562 2810 1647 (novies),

352 1689 635 1755 »neque«
677 1667 976 1752 (sexies),
1017 1690 1134 1733 »ne
1177 1666 1475 1756 quidem«
1529 1668 1665 1753 (bis
1710 1691 1770 1755 p.
1821 1666 2073 1739 Cluent.
2121 1668 2274 1745 1603
2317 1667 2485 1736 Phil.
2533 1667 2632 1750 ll,
2678 1666 2806 1745 32).

524 1770 562 1855 ξ
607 1769 668 1834 4.
759 1770 943 1853 Quae
989 1770 1398 1859 praecedunt,
1456 1771 1514 1833 ἐν
1559 1771 1839 1857 παρέργῳ
1885 1772 2231 1858 attigimus,
2276 1769 2580 1860 quoniam
2620 1768 2809 1834 huius

350 1873 550 1940 libelli
606 1872 769 1938 ratio
828 1871 1189 1939 uberiorem
1247 1872 1326 1940 de
1381 1883 1514 1940 tam
1558 1875 1807 1963 pusillis
1851 1875 2238 1965 minutisque
2283 1875 2477 1941 rebus
2522 1871 2809 1959 disputa-

350 1978 591 2059 tionem
660 1998 791 2042 non
864 1974 1140 2042 admittit
1148 1999 1166 2055 3
1239 2000 1413 2044 nunc
1482 1979 1551 2046 in
1616 1978 1828 2045 animo
1895 1978 2104 2045 habeo
2169 1977 2430 2066 proprio
2496 1997 2620 2043 usu
2679 1975 2809 2041 iam

349 2086 735 2167 pertractato
795 2100 906 2145 eos
960 2079 1140 2147 locos
1197 2103 1279 2148 ex
1332 2081 1634 2149 universo
1691 2105 1957 2149 numero
2015 2082 2266 2168 eligere,
2320 2079 2430 2167 qui
2470 2079 2541 2145 in
2582 2078 2806 2167 primis

354 2182 433 2249 de
477 2205 635 2250 vera
675 2181 1052 2270 sinceraque
1079 2194 1336 2251 nostrae
1373 2185 1722 2273 particulae
1749 2186 1812 2252 vi
1846 2194 2036 2273 atque
2057 2184 2316 2251 notione
2337 2204 2459 2249 nos
2479 2181 2804 2249 edoceant.

351 2284 524 2367 Quid
590 2295 802 2352 autem
864 2294 981 2369 est,
1048 2287 1221 2375 quod
1284 2288 1429 2377 plus
1483 2289 1700 2355 valeat
1753 2288 1837 2354 ad
1887 2296 2060 2355 recte
2114 2286 2465 2376 particulae
2516 2295 2804 2352 naturam

351 2389 877 2475 cognoscendam,
923 2412 1117 2477 quam
1160 2412 1275 2456 eos
1318 2391 1496 2479 ipsos
1538 2391 1720 2459 locos
1762 2390 2015 2476 intueri,
2059 2391 2290 2480 quibus
2334 2389 2693 2472 »profecto«
2738 2395 2800 2452 et

218 2514 223 2521 ·
350 2500 597 2558 »certe«
641 2515 770 2558 una
812 2493 1104 2559 exstant?

522 2596 755 2661 Nonne
768 2595 1066 2662 luculenti
1073 2595 1459 2683 ssime,quod
1473 2597 1746 2685 suprain
1758 2606 1931 2686 temp
1937 2619 2117 2662 orum
2130 2617 2674 2684 personarumque
2688 2616 2808 2662 usu

350 2697 863 2781 explanavimus:
915 2698 1199 2783 profecto
1256 2724 1388 2766 non
1450 2701 1716 2788 primae,
1772 2700 1887 2767 sed
1942 2699 2199 2765 alterius
2244 2707 2355 2764 aut
2394 2697 2620 2764 tertiae
2663 2719 2807 2764 esse

345 2823 678 2889 personae,
703 2800 1191 2888 demonstratur,
1220 2803 1393 2891 quod
1423 2802 1653 2871 Cicero
1683 2804 1869 2871 verbi
1898 2825 2092 2870 causa
2123 2825 2228 2891 ep.
2263 2802 2372 2886 13,
2415 2801 2486 2886 3,
2534 2802 2568 2865 1
2617 2800 2806 2867 dicit:

516 2903 682 2971 »Oui
706 2904 1208 2995 quibuscumque
1230 2908 1424 2974 rebus
1450 2906 1979 2991 commodaveriS,
1992 2906 2112 2973 tibi
2135 2905 2420 2992 profecto
2441 2903 2807 2983 iucundum,

348 3007 507 3073 mihi
551 3016 721 3088 certe
766 3008 886 3074 erit
926 3009 1256 3097 gratum<d>

518 3108 747 3177 Cicero
791 3112 872 3178 M.
917 3112 1195 3179 Brutum
1238 3114 1481 3198 adiens,
1522 3123 1594 3179 ut
1639 3112 2051 3181 Caetronium
2094 3110 2426 3195 quendam,
2463 3066 2808 3178 honestum

343 3235 733 3300 gravemque
777 3215 1007 3300 virum,
1061 3224 1330 3300 tueatur,
1384 3217 1710 3284 existimat
1762 3240 1896 3283 non
1957 3215 2124 3298 fore,
2191 3221 2263 3280 ut
2323 3213 2597 3281 Brutum
2656 3213 2805 3279 huic

344 3316 658 3384 voluntati
714 3317 1101 3384 satisfecisse
1155 3320 1505 3409 paeniteat3
1556 3321 1757 3387 immo
1799 3317 2147 3386 iucundum
2198 3316 2481 3385 futurum
2538 3338 2682 3384 esse
2725 3316 2801 3398 ei,

350 3420 407 3485 si
454 3418 795 3488 Castronio
853 3420 1294 3506 consuluisset,
1336 3418 1462 3489 sibi
1505 3446 1662 3490 vero
1704 3422 1834 3512 ipsi
1868 3422 2144 3491 Brutum
2185 3440 2576 3509 magnopere
2605 3418 2798 3506 grati-

345 3523 606 3589 ficatum
648 3522 805 3589 fore.
892 3522 1013 3592 Sin
1055 3534 1268 3592 autem
1313 3526 1704 3593 contrarium
1747 3524 1987 3592 diceret
2031 3524 2293 3593 Cicero:
2352 3521 2536 3592 »Sibi
2576 3545 2616 3589 c
2634 3545 2670 3611 e
2685 3529 2801 3586 rte

349 3625 725 3711 iucundum,
792 3627 953 3695 mihi
1014 3630 1300 3714 profecto
1363 3638 1656 3716 gratnm«
1669 3680 1686 3714 ,
1744 3630 2026 3696 maxima
2099 3628 2506 3695 confirmaret
2566 3623 2806 3690 fiducia

344 3729 616 3795 Brutum
659 3729 935 3798 fructum
1001 3742 1447 3820 percepturum
1514 3755 1596 3798 ex
1649 3733 1773 3800 hac
1833 3730 2386 3800 commendatione
2399 3775 2415 3804 ‚
2479 3737 2552 3793 ut
2616 3727 2806 3816 quasi

344 3833 582 3918 gratias
628 3856 818 3920 agere
863 3836 1137 3901 deberet.
1227 3835 1359 3904 Sed
1403 3836 1557 3925 quid
1601 3835 1825 3924 plura?
1870 3836 2002 3903 Res
2045 3836 2188 3920 ipsa
2229 3832 2527 3920 loquitur.

514 3937 667 4003 Non
708 3937 1037 4004 dissimilis
1084 3947 1183 4005 est
1223 3938 1414 4006 huius
1456 3940 1584 4006 loci
1625 3939 1821 4007 ratio:
2527 3996 2534 4003 .

518 4038 579 4104 d.
627 4039 687 4106 d.
732 4049 885 4107 nat.
935 4041 990 4119 1,
1038 4042 1108 4107 5:
1152 4063 1298 4107 »res
1342 4043 1510 4109 enim
1553 4043 1731 4109 nulla
1774 4051 1892 4125 est,
1938 4041 2017 4107 de
2061 4063 2190 4128 qua
2225 4047 2803 4128 ...tantopere...

345 4142 518 4209 docti
573 4141 970 4225 dissentiant,
1025 4169 1297 4233 quorum
1355 4146 1689 4236 opiniones
1745 4166 1893 4212 cum
1934 4153 2069 4211 tam
2109 4143 2329 4211 variae
2371 4143 2504 4209 sint
2542 4150 2803 4228 tamque

343 4247 510 4313 inter
555 4269 627 4312 se
673 4245 1075 4332 dissidentes,
1132 4250 1399 4316 alterum
1441 4250 1583 4316 fieri
1615 4248 1901 4331 profecto
1942 4256 2175 4337 potest,
2232 4255 2303 4314 ut
2346 4269 2565 4315 earum
2605 4243 2801 4322 nulla,

347 4349 617 4415 alterum
658 4372 791 4416 cer
813 4358 890 4416 te
932 4374 1064 4437 non
1105 4360 1333 4441 potest,
1378 4362 1448 4418 ut
1474 4353 1619 4440 plus
1665 4375 1793 4418 una
1819 4364 1975 4420 vera
2018 4352 2161 4418 sit«.
2248 4349 2513 4421 Notioni
2545 4368 2806 4435 »posse«

346 4451 674 4538 aptissime
714 4453 1060 4544 respondet
1091 4456 1392 4542 profecto,
1434 4479 1609 4521 »non
1651 4478 1890 4543 posse«
1946 4464 2176 4522 certe.
