3142 5042
570 780 1411 883 SENTENTIAE
1472 780 2563 885 OONTROVERSAE.

1543 1125 1593 1190 Ι.

334 1229 684 1316 Lycurgi
744 1252 834 1293 or.
879 1227 1169 1293 Leocrat.
1218 1228 1256 1313 ξ
1306 1228 1383 1291 19
1428 1227 1769 1314 legendum
1814 1251 2079 1295 censeo.

651 1336 733 1398 ὡς
788 1333 889 1394 καὶ
951 1333 1181 1415 μεζοὶλα
1236 1334 1744 1418 καταβλαβείη
1789 1338 1950 1417 τῆς
1967 1341 2477 1420 πεντηκοστῆς
2524 1335 2799 1421 μετέχων

641 1436 851 1520 αὐτῳ.

338 1728 779 1814 Hyperidis
826 1752 917 1796 or.
963 1728 1207 1792 funebr.
1257 1730 1376 1794 col.
1422 1629 1697 1797 Xgliin·
1731 1732 1770 1794 8
1804 1731 1932 1816 (ed.
1967 1732 2286 1818 Babingt.)
2329 1732 2629 1798 lacunam
2674 1731 2798 1798 hac

505 1833 751 1897 ratione
797 1831 1217 1918 expleverim:

639 1939 690 2000 εἰ
733 1936 845 2021 γὰρ
890 1940 1013 2002 τοῖς
1058 1934 1307 2004 ἄλλοις
1352 1939 1441 2000 ὢν
1489 1937 1909 2006 ἀνείκαστος
1953 1939 2213 2006 θάνατος
2254 1939 2483 2007 τούτοις
2530 1939 2799 2024 ἀρχηγὸς

639 2046 911 2127 μεγάλων
959 2044 1204 2128 ἀγαθῶν
1250 2043 1475 2126 γέγονε.

1497 2201 1613 2267 III.

325 2301 530 2367 Flor.
577 2305 636 2387 J,
685 2304 738 2385 1,
783 2304 821 2366 8
868 2302 1122 2390 (Halm)
1170 2303 1579 2369 scribendum
1622 2325 1943 2391 propono:

540 2407 718 2470 cuius
785 2406 936 2471 dum
1005 2408 1331 2492 angustias
1389 2406 1635 2472 Remus
1695 2406 2162 2492 increpans
2237 2405 2398 2470 alte
2445 2405 2811 2469 transilit

538 2509 797 2574 dubium
845 2534 922 2575 an
973 2512 1156 2576 iussu
1199 2509 1416 2575 fratris
1465 2510 1714 2575 occisus
1762 2518 1874 2575 est.

331 2796 516 2878 Quae
574 2809 637 2864 et
694 2811 941 2867 veteres
1001 2814 1064 2869 et
1115 2803 1502 2870 recentiores
1563 2802 1964 2888 grammatici
2008 2800 2223 2866 Latini
2283 2801 2364 2865 de
2407 2787 2797 2865 conjunctivi

532 2903 892 2970 futurorum
912 2915 1274 2995 temporum
1291 2929 1413 2971 usu
1455 2906 1876 2994 praecipiunt,
1922 2903 2270 2970 abhorrent
2293 2902 2373 2967 ab
2401 2903 2792 2990 optimorum

533 3009 916 3096 scriptorum
963 3009 1444 3078 consuetudine.

1522 3198 1601 3264 V.

328 3298 789 3366 Mommseni
835 3300 913 3366 de
960 3293 1272 3368 Cicerone
1316 3301 1620 3368 iudicium
1663 3325 1794 3367 non
1838 3311 1936 3367 est
1978 3302 2397 3391 probandum.

1508 3492 1620 3560 VI.

330 3594 401 3658 In
466 3593 696 3680 puerili
750 3593 1150 3660 institutione
1217 3594 1556 3661 modorum
1624 3595 1992 3662 Latinorum
2049 3595 2370 3682 syntaxim
2425 3594 2797 3660 antecedere

535 3719 697 3783 opus
744 3706 846 3763 est
874 3698 1154 3766 casibus„
