3142 5042
1286 239 1716 307 1--37—

487 468 575 534 Ut
617 467 699 532 ab
746 464 1222 553 simplicissima
1262 465 1509 532 ratione
1532 465 2030 554 proficiscamur,
2064 464 2337 550 primum
2368 471 2466 530 est
2481 464 2770 546 profecto

314 572 378 637 in
425 570 713 661 apodosi,
751 591 914 657 quae
956 568 1366 657 consequitur
1386 568 1799 657 participium
1828 567 2255 635 condicionali
2278 568 2344 635 vi
2363 567 2771 633 instructum.

489 674 548 739 d.
595 671 722 740 off.
771 672 838 755 1,
880 673 949 735 2:
997 671 1112 737 sed
1153 680 1369 738 tamen
1411 684 1635 738 nostra
1676 671 1896 758 legens
1944 721 1957 735 .
1991 721 2004 734 .
2036 720 2048 734 .
2082 674 2438 737 orationem
2471 671 2765 735 Latinam

317 777 558 842 efficies
591 775 876 857 profecto
917 775 1207 857 legendis
1250 777 1489 842 nostris
1532 774 1907 863 pleniorem.

487 878 547 943 d.
589 880 737 964 leg.
787 879 843 960 1,
894 878 1003 942 14:
1051 878 1196 944 urbi
1400 879 1875 967 requiescemus
1918 900 2040 944 nec
2090 877 2377 960 profecto
2418 877 2609 944 nobis
2657 877 2768 943 de-

315 982 570 1048 lectatio
616 981 817 1047 deerit
858 981 1032 1046 aliud
1076 1005 1157 1047 ex
1201 981 1327 1048 alio
1374 981 1848 1069 quaerentibus.

491 1085 546 1150 d.
590 1086 733 1172 leg.
776 1084 856 1149 fr.
909 1090 972 1148 1:
1046 1085 1183 1150 sine
1240 1107 1508 1173 corpore
1576 1084 1788 1151 animo
1856 1083 2110 1171 vigente
2176 1083 2395 1150 divina
2459 1082 2594 1150 vita
2657 1092 2772 1167 est,

319 1193 513 1255 sensu
556 1197 810 1254 carente
854 1188 1014 1255 nihil
1047 1187 1334 1270 profecto
1380 1196 1478 1252 est
1520 1189 1689 1253 mali.

488 1291 546 1357 d.
589 1314 748 1379 rep.
796 1292 867 1375 6,
911 1293 1026 1355 22:
1086 1291 1317 1379 quibus
1363 1292 1704 1378 amputatis
1762 1292 1971 1358 cernis
2022 1290 2336 1375 profeciO,
2395 1288 2649 1376 quantis
2703 1289 2773 1355 in

318 1396 629 1482 angustiis
674 1403 892 1460 vestra
936 1416 1005 1460 se
1050 1394 1255 1480 gloria
1299 1394 1551 1460 dilatari
1595 1395 1765 1461 velit.

364 1504 369 1509 “
490 1498 687 1563 Phil.
733 1499 803 1580 3,
846 1496 959 1562 36:
1017 1497 1116 1562 his
1160 1499 1526 1564 auctoribus
1586 1506 1651 1564 et
1704 1497 1971 1564 ducibus
2018 1545 2036 1565 .
2070 1546 2127 1564 ..
2194 1497 2431 1563 erimus
2487 1496 2775 1578 profecto

315 1602 503 1669 liberi
546 1601 732 1668 brevi
774 1610 1076 1688 tempore.
2007 1640 2011 1644 Δ

487 1703 705 1770 Verr.
751 1707 821 1783 3,
864 1705 1020 1786 2213
1075 1703 1275 1771 Phil.
1337 1705 1434 1778 12,
1498 1704 1605 1772 26.

490 1807 738 1873 Deinde
812 1817 1154 1896 usurpatur
1213 1807 1518 1890 profecte,
1577 1814 1647 1871 ut
1701 1805 1987 1871 relativis
2035 1803 2394 1889 enuntiatis»,
2463 1829 2628 1893 quae
2706 1828 2775 1872 se

320 1918 548 1996 gerunt
589 1933 707 1997 pro
753 1910 1255 1988 condicionibuS,
1301 1910 1606 1997 apodosis
1653 1909 1940 1975 addatur.

489 2013 602 2079 Ro
622 2034 721 2079 sc.
771 2014 928 2077 123.
974 2035 1091 2100 ego
1138 2013 1231 2078 sic
1276 2014 1590 2097 existimo,
1635 2012 1745 2100 qui
1800 2012 2019 2099 quaeri
2073 2010 2230 2078 velit
2290 2034 2369 2076 ex
2437 2010 2547 2093 iis,
2614 2032 2774 2097 quos

321 2125 572 2184 constat
615 2167 627 2179 .
662 2162 678 2180 .
710 2164 725 2179 .
771 2114 1073 2199 adfuisse,
1119 2138 1264 2181 eum
1311 2138 1542 2203 cupere
1588 2138 1812 2183 verum
1849 2114 2169 2194 invenire3
2201 2113 2309 2200 qui
2331 2123 2596 2187 recuset,
2631 2136 2776 2178 eum

310 2221 609 2303 profecte,
654 2218 909 2285 tametsi
953 2218 1151 2285 verbo
1208 2242 1339 2285 non
1396 2219 1657 2303 audeat,
1712 2227 1927 2285 tamen
1988 2241 2054 2283 re
2120 2218 2265 2304 ipsa
2322 2216 2400 2281 de
2457 2216 2773 2282 maleficio

323 2346 438 2391 suo
486 2324 789 2390 confiteri.

491 2427 548 2492 d.
593 2450 751 2514 rep.
798 2428 870 2509 3,
914 2426 1030 2502 493
1077 2426 1250 2514 quod
1293 2426 1464 2491 enim
1498 2426 1636 2492 iure
1678 2427 1766 2511 fit,
1804 2425 2091 2509 profecto
2131 2425 2299 2491 iuste
2340 2424 2429 2488 fit.
2538 2453 2544 2461 ·

488 2533 714 2596 Marc.
763 2532 874 2594 15:
923 2531 1032 2617 qui
1075 2552 1229 2596 vero
1276 2529 1481 2596 vict-or
1535 2530 1717 2617 pacis
1776 2539 2068 2597 auctores
2114 2528 2347 2614 diligit,
2402 2527 2458 2592 is
2496 2527 2776 2609 profecto

318 2630 601 2698 declarat
644 2655 714 2699 se
756 2633 1061 2699 maluisse
1102 2655 1235 2698 non
1281 2632 1586 2699 dimicare
1630 2656 1824 2721 quam
1867 2633 2139 2700 vincere.

486 2736 647 2801 Tum
704 2758 813 2801 eas
869 2735 1066 2801 affero
1127 2735 1624 2820 enuntiationes,
1669 2758 1939 2823 quarum
1984 2733 2315 2823 apodosis,
2362 2734 2647 2821 pendens
2694 2755 2774 2799 ex

316 2839 653 2927 temporali
699 2838 1161 2920 coniunctione,
1209 2836 1715 2905 condicionalem
1763 2840 1891 2906 vim
1937 2839 2210 2904 exhibet.

486 2941 638 3008 Tus
655 2964 707 3007 c.
763 2944 822 3025 l,
865 2940 977 3005 46:
1021 2941 1239 3027 Atque
1283 2962 1364 3006 ea
1393 2941 1677 3023 profecto
1721 2951 1857 3007 tum
1912 2942 2110 3008 multo
2171 2939 2431 3027 puriora
2490 2948 2554 3004 et
2610 2938 2773 3004 dilu-

317 3044 566 3110 cidiora
599 3053 955 3129 cernentur,
999 3067 1162 3130 cum,
1207 3069 1332 3133 quo
1378 3054 1608 3110 natura
1648 3044 1790 3128 fert,
1853 3045 2018 3111 liber
2074 3043 2325 3109 animus
2390 3042 2772 3128 pervenerit,

488 3147 705 3214 Tusc.
768 3149 835 3232 1,
912 3149 1069 3213 109:
1133 3149 1248 3215 sed
1309 3148 1595 3233 profecto
1666 3170 1842 3215 mors
1900 3157 2035 3212 tum
2102 3145 2490 3233 aequissimo
2558 3145 2771 3211 animo

317 3251 652 3339 oppetitur,
702 3274 845 3317 cum
891 3252 1024 3317 suis
1070 3274 1140 3318 se
1183 3252 1481 3317 laudibus
1528 3251 1662 3318 vita
1707 3250 2003 3317 occidens
2051 3249 2369 3317 consolari
2414 3259 2644 3337 potest.

414 3354 421 3359 ’
488 3354 547 3419 (1.
594 3354 651 3419 (1.
694 3363 844 3419 nat.
889 3355 963 3439 3,
1007 3355 1122 3419 63:
1169 3355 1340 3442 quod
1388 3378 1532 3421 cum
1576 3354 1809 3437 facitis,
1865 3353 2025 3419 illud
2057 3353 2343 3439 profecto
2388 3354 2777 3421 confitemini

315 3458 504 3544 longe
549 3457 738 3523 aliter
782 3479 851 3523 se
894 3474 1033 3523 rem
1084 3456 1339 3525 habere.
2663 3544 2670 3551 ·

486 3584 584 3650 ep.
635 3562 733 3643 12,
779 3562 884 3644 22,
930 3562 1000 3626 2:
1058 3560 1215 3627 illud
1266 3562 1568 3648 profecte,
1637 3560 1849 3649 quoad
1893 3569 2151 3649 potero,
2205 3569 2383 3625 tuam
2425 3558 2668 3654 famam
2713 3568 2778 3627 et

317 3663 687 3750 dignitatem
731 3664 976 3730 tuebor.

485 3766 707 3833 Tusc.
753 3768 811 3842 2,
859 3768 974 3832 31:
1020 3790 1172 3833 nam
1217 3766 1369 3832 dum
1411 3767 1530 3835 tibi
1575 3775 1760 3854 turpe
1793 3765 2113 3832 videbitur
2143 3787 2399 3852 gemere
2430 3816 2447 3834 .
2478 3813 2492 3830 .
2528 3814 2562 3851 .,
2594 3766 2777 3834 cedet

306 3870 589 3955 profecto
631 3870 851 3938 virtuti
896 3870 1096 3937 dolor.

489 3969 789 4039 Cornif.
833 3975 910 4056 4,
959 3974 1043 4037 54
1089 3972 1242 4059 (etsi
1299 3972 1377 4038 de
1434 3995 1589 4039 vero
1634 3972 2167 4040 »Rhetoricorum
2211 3973 2293 4038 ad
2336 3973 2777 4040 Herennium«

316 4084 574 4142 auctore
644 4074 1144 4142 luculentissima
1215 4076 1504 4142 KAYSERI
1569 4075 2002 4164 disputatione
2066 4098 2199 4140 non
2265 4076 2619 4155 dubitatur,
2691 4100 2774 4143 ne

315 4177 662 4267 opprobrio
714 4178 1011 4263 vertatur,
1056 4178 1227 4266 quod
1272 4174 1350 4245 ex
1415 4179 1542 4244 illis
1617 4180 1855 4267 sumpti
1901 4179 2029 4246 loci
2089 4180 2254 4244 inter
2312 4177 2772 4247 Ciceronianos

315 4281 694 4366 afferuntur)
714 4306 726 4346 ε
750 4303 936 4348 »cum
958 4292 1182 4368 agetur
1203 4276 1612 4348 incolumitas
1628 4290 1935 4370 perpetua
1960 4281 2258 4363 civitatis,
2294 4282 2405 4369 qui
2434 4282 2621 4348 bonis
2654 4282 2775 4347 erit

314 4385 663 4452 rationibus
708 4384 1058 4473 praeditus,
1096 4384 1377 4466 profecto
1420 4385 1666 4451 nullum
1708 4385 1880 4454 vitae
1925 4384 2269 4452 discrimen
2304 4385 2429 4452 sibi
2474 4408 2590 4472 pro
2636 4383 2769 4450 for-

317 4488 486 4554 tunis
528 4488 920 4580 reipublicae
961 4486 1332 4576 fugiendum
1375 4488 1643 4575 putabit.
