3142 5042
1419 198 1761 265 -38-

530 417 830 486 Cornif.
874 419 946 502 4,
976 419 1091 483 16:
1139 418 1298 484 socii
1339 421 1545 486 nostri
1589 443 1734 487 cum
1778 421 2152 509 belligerare
2195 423 2533 492 nobiscum
2553 425 2813 503 vellent,

343 521 633 607 profecto
675 523 1039 590 ratiocinati
1083 530 1312 601 essent,
1357 524 1509 611 quid
1554 535 1819 611 possent
1857 524 2091 593 facere.

524 649 625 692 or.
674 627 831 695 1192
878 626 1093 693 omnia
1124 626 1426 707 profccw,
1472 650 1619 693 cum
1663 650 1734 695 se
1790 651 1830 693 a
1885 629 2266 696 caelestibus
2321 633 2516 698 rebus
2572 631 2811 697 referet

358 727 441 793 ad
481 728 816 812 humanas,
863 729 1176 795 excelsius
1221 730 1860 818 magnificentiusque
1905 740 1970 798 et
2012 733 2181 799 dicet
2225 742 2289 800 et
2333 735 2580 801 sentiet.

529 832 591 902 d.
638 832 863 898 domo
909 833 1024 896 54:
1072 855 1217 898 cum
1260 855 1372 898 eos
1420 882 1435 899 .
1470 881 1484 898 .
1519 883 1534 898 .
1584 834 1811 900 adesse
1854 835 2100 903 iussisti
2149 886 2163 900 .
2201 885 2215 901 .
2253 886 2293 920 .,
2351 846 2488 904 tum
2527 837 2808 923 profecto

358 935 696 1001 ostendisti
739 936 871 1002 vim
913 935 1033 1001 tibi
1074 936 1354 1002 maxime
1400 936 1757 1024 displicere.
2540 975 2544 979 ·

528 1038 862 1105 Postremo
907 1039 1355 1126 gravissimum
1402 1040 1582 1106 illum
1628 1040 1903 1127 quidem,
1959 1041 2075 1108 sed
2133 1041 2371 1126 adhuc,
2416 1052 2497 1109 >ut
2539 1043 2809 1127 videtur,

358 1163 620 1229 prorsus
706 1143 1062 1229 neglectum
1137 1165 1326 1209 usum
1391 1143 1785 1209 afferendum
1849 1145 2150 1220 arbitror,
2240 1168 2365 1232 quo
2435 1147 2812 1234 saepissime

345 1245 631 1326 profecto
673 1254 823 1332 post
864 1244 1339 1312 adhortationes
1383 1246 1721 1331 invenitur,
1764 1257 1836 1313 ut
1878 1248 2296 1334 significetur,
2361 1249 2516 1335 quid
2579 1272 2659 1315 ex
2713 1251 2812 1315 lo-

358 1349 610 1434 quentis
642 1347 904 1414 arbitrio
938 1357 1314 1414 eventurum
1336 1350 1438 1432 sit,
1472 1373 1617 1416 cum
1653 1351 1812 1416 alter
1840 1351 2029 1417 huius
2061 1351 2376 1419 voluntati
2406 1352 2810 1420 satisfecerit.

358 1451 817 1538 Imperativum
860 1460 1070 1517 autem
1116 1452 1395 1530 modum,
1442 1452 1564 1520 hac
1606 1454 1854 1520 ratione
1898 1463 2308 1541 usurpatum,
2356 1456 2812 1522 condicionalis

360 1577 504 1620 esse
546 1555 882 1643 potestatis
926 1555 1055 1619 iam
1098 1554 1348 1642 pridem
1406 1566 1504 1622 est
1554 1566 1990 1645 perspectum;
2060 1558 2234 1624 velut
2302 1580 2613 1645 »sequere
2678 1581 2813 1625 me:

363 1658 577 1722 omnia
622 1657 1034 1746 adipisceris«
1093 1659 1268 1724 idem
1320 1658 1453 1725 fere
1518 1660 1692 1726 valet
1758 1669 1947 1749 atque
2011 1661 2109 1727 »si
2165 1673 2277 1729 ⁴me
2344 1671 2598 1729 secutus
2674 1662 2806 1729 eris

364 1760 796 1849 adipisceris«
1193 1782 1199 1786 ’
1304 1830 1311 1836 ,

535 1887 642 1951 ep.
718 1864 789 1944 5,
865 1864 946 1929 13
962 1916 977 1947 ‚
1054 1866 1124 1928 3:
1215 1866 1624 1950 circumspice
1698 1868 1911 1934 omnia
1983 1870 2275 1935 membra
2327 1868 2423 1935 rei
2487 1866 2816 1955 publicaez

363 1967 604 2033 nullum
647 1968 928 2055 reperies
959 1968 1267 2053 profecw,
1310 1970 1484 2055 quod
1526 1994 1658 2036 non
1700 1971 1973 2038 fractum
2018 1963 2496 2039 debilitatumve
2541 1969 2643 2040 sit.

485 2122 489 2127 .
534 2071 625 2137 de
667 2071 890 2161 petit.
941 2073 1048 2136 19:
1095 2069 1222 2161 qua
1263 2095 1335 2138 re
1377 2072 1504 2139 hoc
1546 2073 1664 2140 tibi
1707 2073 2070 2141 faciendum
2114 2082 2232 2157 est,
2274 2082 2347 2138 ut
2390 2075 2472 2140 ab
2515 2073 2597 2140 iis
2642 2073 2816 2162 quod

365 2175 618 2258 debent,
679 2175 897 2262 exigas
967 2175 1430 2243 commonendo
1490 2227 1505 2245 .
1544 2224 1556 2240 .
1602 2226 1645 2256 .,
1703 2186 1773 2242 ut
1832 2178 2207 2264 intellegant
2267 2176 2512 2243 nullum
2567 2185 2816 2264 tempus

364 2277 537 2343 aliud
582 2301 652 2343 se
695 2301 1000 2365 umquam
1052 2278 1382 2344 habituros
1437 2280 1811 2347 referendae
1865 2281 2141 2368 gratiae:
2189 2280 2473 2362 profecto
2526 2278 2813 2345 homines

367 2391 430 2447 et
459 2403 608 2468 spe.
636 2431 648 2443 .
678 2432 693 2448 .
719 2392 782 2448 et
801 2382 1164 2449 recentibus
1188 2382 1518 2449 beneficiis
1541 2384 1624 2449 ad
1653 2384 1934 2450 studium
1954 2383 2324 2451 navandum
2353 2383 2809 2450 excitabuntur.

397 2553 401 2557 ,
539 2484 618 2550 de
685 2486 907 2572 petit.
964 2485 1077 2551 55:
1152 2484 1256 2551 fac
1319 2508 1392 2551 se
1458 2495 1528 2551 ut
1593 2488 1709 2554 abs
1752 2496 1817 2553 te
1875 2487 2179 2554 custodiri
2234 2495 2422 2575 atque
2491 2483 2820 2553 observari

367 2587 601 2653 sciant:
651 2610 796 2654 cum
841 2588 1234 2673 diligentiam
1278 2598 1452 2655 tuam
1499 2638 1512 2653 .
1547 2637 1561 2652 .
1596 2639 1626 2669 .,
1683 2600 1819 2658 tum
1866 2591 2151 2673 profecto
2206 2588 2520 2678 equestris
2578 2586 2819 2657 ordinis

369 2696 516 2778 erga
558 2699 622 2757 te
668 2691 947 2757 studium
991 2693 1454 2779 pertimescent.
1745 2712 1749 2716 ·

504 2793 850 2876 ·Q,uinct.
899 2795 1010 2861 79:
1058 2795 1233 2882 quod
1277 2798 1393 2862 abs
1437 2805 1501 2862 te
1545 2806 1611 2862 et
1653 2820 1694 2861 a
1735 2797 1962 2864 vobis.
1994 2819 2333 2885 ..quaeso‚
2379 2805 2448 2862 ut
2491 2795 2827 2881 diligenter

370 2898 741 2965 attendatis:
774 2898 1062 2980 profecto
1090 2899 1470 2986 intellegetis
1498 2900 1670 2965 illius
1708 2902 1791 2969 ab
1827 2900 2010 2966 initio
2040 2900 2454 2989 cupiditatem
2485 2921 2829 2989 pugnasse.

539 3001 765 3067 Roso.
810 3003 927 3068 48:
973 3024 1094 3089 age
1137 3025 1324 3083 nunc,
1368 3003 1538 3069 refer
1582 3004 1865 3070 animum
1909 3004 1999 3070 sis
2045 3003 2128 3069 ad
2170 3004 2506 3071 veritatem
2532 3048 2548 3067 .
2580 3050 2595 3067 .
2626 3052 2642 3066 .
2687 3003 2823 3069 iam

362 3105 651 3187 profecto
714 3113 778 3170 te
845 3106 1174 3192 intelleges
1245 3106 1464 3196 inopia
1541 3106 1877 3174 criminum
1955 3129 2272 3175 summam
2348 3106 2606 3173 laudem
2673 3104 2822 3174 Sex.

369 3208 609 3274 Roscio
654 3207 810 3274 vitio
857 3221 921 3274 et
964 3208 1187 3295 culpae
1236 3209 1506 3276 dedisse.
2424 3291 2427 3294 ἦ

542 3313 851 3380 Cluent.
922 3311 1076 3376 160:
1146 3322 1362 3399 atque,
1429 3323 1500 3378 ut
1552 3313 1929 3380 existimetis
1983 3314 2348 3381 necessario
2411 3336 2515 3380 me
2577 3314 2658 3382 de
2720 3312 2816 3378 his

367 3419 562 3483 rebus
609 3463 624 3480 .
652 3464 702 3478 ..
750 3416 1037 3504 pluribus
1085 3416 1290 3504 egisse
1336 3416 1568 3495 verbis,
1616 3415 1917 3482 attendite
1946 3417 2219 3505 reliqua:
2256 3417 2532 3502 profecto
2575 3415 2814 3483 intelle-

369 3520 532 3608 getis
578 3543 655 3586 ea
700 3568 751 3583 ..
785 3569 797 3582 .
839 3520 1218 3587 brevissime
1263 3540 1405 3586 esse
1447 3518 1727 3586 defensa.

541 3623 800 3691 Deiot.
846 3622 959 3686 40:
1007 3623 1304 3710 Propone
1347 3623 1467 3689 tibi
1510 3622 1672 3690 duos
1714 3645 1898 3710 reges
1929 3632 1993 3690 et
2018 3623 2087 3690 id
2122 3624 2335 3691 animo
2368 3623 2824 3710 contemplare,

372 3727 545 3815 quod
602 3728 802 3807 oculis
859 3750 991 3792 non
1055 3735 1272 3814 potes:
1348 3726 1531 3793 dabis
1598 3727 1886 3809 profecto
1948 3726 2017 3792 id
2078 3727 2590 3811 misericordiae,
2655 3724 2829 3814 quod

372 3831 738 3897 iracundiae
783 3830 1128 3916 denegasti.
1877 3857 1883 3862 ·

1011 4001 1071 4066 d.
1142 4001 1507 4068 causales
1575 4001 2192 4069 enuntiationes.

547 4138 821 4221 Quando
878 4141 1136 4230 quidem
1208 4140 1494 4206 causales
1553 4139 2020 4206 enuntiationes
2084 4139 2414 4227 aptissime
2480 4138 2831 4207 cohaerent

377 4268 516 4312 cum
561 4243 1061 4327 condicionibus,
1120 4253 1429 4331 quatenus
1475 4244 1670 4309 etiam
1713 4264 1947 4309 causae
1988 4243 2368 4310 iudicandae
2415 4252 2565 4310 sunt
2605 4241 2830 4309 condi-

378 4349 615 4431 ciones,
672 4369 834 4434 quae
889 4347 971 4413 ad
1031 4347 1327 4414 effectum
1382 4356 1528 4413 sunt
1580 4346 1940 4434 perductae,
2003 4347 2287 4417 maxime
2338 4355 2439 4415 est
2494 4354 2831 4413 consenta-

377 4475 569 4518 neum
601 4452 952 4535 »profecto«
981 4452 1172 4517 etiam
1201 4452 1268 4517 in
1300 4451 1649 4521 causalium
1693 4451 2197 4519 enuntiationum
2225 4449 2496 4539 apodosi
2538 4447 2833 4515 adhiberi

1791 4556 1812 4585 Q
