3142 5042
1411 225 1709 293 ...5.-

339 453 582 543 origine
626 476 893 543 prorsus
952 451 1306 521 abhorrens
1364 451 1722 543 posteriore
1779 460 1986 520 aetate
2047 452 2331 520 stabilita
2387 460 2516 537 est,
2572 451 2796 543 paucis

334 559 402 626 in
446 559 824 627 universum
868 558 948 624 de
979 558 1090 623 tali
1121 555 1608 644 significationis
1641 556 2155 640 commutatione,
2180 580 2345 645 quae
2373 557 2442 624 in
2472 558 2797 627 adverbiis

333 662 742 753 potissimum
787 661 1081 743 occurrit,
1128 661 1535 728 disseremus.
1595 659 1740 726 Has
1784 659 1961 748 ipsas
2004 661 2270 728 voculas
2321 661 2625 729 facillime
2677 686 2796 749 pro

337 788 456 832 sua
498 764 853 832 mobilitate
897 774 961 831 et
1019 764 1416 832 volubilitate
1472 763 1847 850 primariam
1900 763 2230 832 notionem
2286 787 2519 831 exuere
2575 773 2798 833 auctor

336 879 436 935 est
489 870 766 955 JAccBUS
824 868 1037 934 Gmmu
1097 864 1437 954 (deutsche
1492 865 1782 934 Gramm.
1840 868 1962 950 III,
2023 867 2197 953 122).
2286 868 2374 935 Ut
2428 869 2602 955 quod
2644 868 2801 935 dicit
2900 858 2910 869 ’

339 971 632 1059 exemplo
679 971 958 1057 quodam
1000 972 1391 1059 comprobet,
1434 970 1560 1035 hoc
1614 970 1828 1058 ipsum
1865 970 2261 1055 ,vocabulum
2319 982 2797 1055 commemorat,
2891 1012 2898 1018 ·

340 1075 511 1163 quod
538 1075 701 1142 miro
733 1078 1052 1142 consensu
1096 1074 1363 1142 eandem
1408 1072 1896 1140 conversionem
1927 1096 2114 1160 quam
2138 1073 2421 1154 profecto
2463 1083 2799 1162 expertum

339 1188 454 1262 est,
476 1179 856 1266 particulam
895 1179 1165 1262 yiwisso.
1222 1178 1314 1245 Ut
1353 1177 1522 1243 hanc
1565 1199 1647 1242 ex
1676 1175 2032 1263 veriloquio
2058 1176 2253 1261 (rad.:
2288 1176 2419 1260 vid,
2448 1176 2536 1260 id,
2559 1178 2796 1263 wizan)

338 1282 759 1351 affirmativae
799 1281 1150 1371 particulae
1192 1303 1454 1347 munere
1498 1278 1680 1366 fungi
1724 1289 1990 1367 oportet,
2037 1280 2278 1346 sensim
2307 1288 2521 1346 autem
2564 1281 2659 1347 sic
2701 1291 2802 1348 est

339 1384 540 1451 diluta
584 1393 774 1473 atque
828 1386 1170 1467 infirmata,
1215 1393 1286 1449 ut
1327 1383 1518 1449 hodie
1559 1382 1839 1449 induerit
1889 1382 2423 1469 significationem
2478 1383 2798 1463 vielleieht,

334 1489 510 1567 wohl,
556 1488 1099 1567 wahrscheimieh,
1129 1487 1220 1552 ita
1242 1487 1523 1569 profecto
1571 1507 1828 1573 quoque
1856 1485 2177 1573 insignem
2214 1486 2393 1552 illam
2435 1486 2799 1553 affirmandi

334 1594 468 1659 vim
513 1592 743 1657 amisit.
833 1590 1141 1658 Similiter
1181 1592 1426 1655 TOBLER
1470 1590 1549 1655 de
1594 1593 1716 1655 hac
1769 1611 1841 1654 re
1898 1587 2182 1676 disputat
2226 1589 2644 1675 =(Zeitschrift
2695 1590 2800 1656 fiir

336 1695 999 1784 Volkerpsychologie
1064 1694 1196 1759 und
1264 1691 1963 1782 Sprachwissenschaft
2017 1689 2086 1760 S.
2144 1693 2326 1778 371).
2412 1693 2799 1780 Diligentius

336 1799 497 1864 tales
564 1798 908 1886 primariae
974 1797 1311 1886 potestatis
1380 1795 1910 1863 commutationes
1978 1797 2306 1883 persequi,
2366 1797 2661 1883 quamvis
2718 1797 2802 1864 sit

339 1901 512 1983 utile,
565 1924 698 1967 non
742 1911 841 1967 est
892 1901 1081 1967 huius
1145 1900 1304 1983 loci,
1372 1899 1486 1966 sed
1549 1899 1709 1965 illud
1754 1898 2186 1985 significemus
2249 1923 2382 1966 non
2444 1923 2796 1988 numquam

340 2027 485 2070 cum
530 2004 886 2073 locutiones
949 2005 1234 2092 insignes
1289 2012 1428 2070 tum
1494 2011 1847 2069 structuras
1913 2002 1997 2068 ad
2048 2001 2128 2067 ’111
2193 2025 2339 2070 esse
2408 2003 2798 2088 referendaS,

336 2108 512 2195 quod
554 2107 937 2197 procedente
991 2118 1278 2196 tempore
1323 2105 1697 2196 principalis
1757 2105 2309 2193 etymologiaeque
2367 2115 2798 2174 consentanea

333 2212 511 2278 notio
555 2212 808 2300 neglegi
852 2221 962 2278 aut
1002 2211 1170 2279 falso
1214 2210 1499 2296 intellegi
1539 2216 1774 2296 coepta
1816 2216 1933 2274 est.

1540 2507 1596 2572 Ι.

333 2661 512 2761 DE
564 2659 820 2764 USU
885 2662 1571 2765 PLAUTINO
1635 2660 2797 2779 TERENTIANOQUE.

1519 2884 1603 2950 A.

508 3040 547 3124 ᾗ
598 3044 647 3105 1.
736 3039 825 3106 Ut
869 3036 1386 3125 antiquissimum
1429 3039 1780 3126 particulae
1811 3039 2099 3121 profecto
2140 3060 2329 3105 usum
2371 3038 2799 3125 exploremuS,

335 3142 749 3229 repetendum
794 3143 1071 3209 arbitror
1116 3165 1156 3209 a
1197 3142 1403 3230 poetis
1449 3142 1712 3208 comicis
1755 3142 1963 3230 iisque
2008 3166 2047 3208 a
2088 3142 2318 3209 Plauto
2350 3141 2797 3231 Terentioque,

335 3244 643 3332 quoniam
670 3268 834 3334 quae
860 3268 940 3312 ex
965 3245 1294 3332 superiore
1318 3254 1524 3313 aetate
1550 3254 1801 3312 exstant
1822 3247 2181 3334 fragmenta
2198 3246 2461 3313 minime
2471 3246 2575 3312 vel
2586 3247 2813 3333 potius

334 3347 494 3413 nihil
568 3347 653 3414 acl
709 3357 1000 3416 nostram
1065 3350 1508 3437 quaestionem
1570 3348 1911 3436 pertinent.
2026 3348 2222 3431 Quod
2286 3349 2369 3415 ad
2432 3350 2799 3417 Plautinum

336 3474 527 3519 usum
569 3451 815 3530 attinet,
860 3450 1233 3539 plerumque
1286 3452 1712 3520 usitatissima
1769 3454 2017 3520 ratione
2071 3461 2449 3542 usurpatum
2504 3452 2798 3523 videmus

323 3555 612 3637 profecto
657 3554 951 3621 similiter
995 3561 1185 3640 atque
1231 3564 1476 3622 ceteras
1520 3556 1867 3645 particulas
1926 3556 2150 3635 hercle,
2190 3555 2506 3635 mehercle,
2563 3559 2796 3642 edepol,

323 3659 457 3740 pol.
545 3659 639 3724 At
678 3656 851 3724 haud
895 3656 1238 3724 mediocris
1266 3658 1556 3725 locorum
1598 3681 1903 3726 numerus
1941 3660 2074 3725 iam
2101 3658 2209 3725 hic
2238 3659 2535 3743 occurrit,
2564 3661 2797 3747 quibus

323 3761 609 3842 profecto
652 3762 842 3849 paulo
886 3759 1303 3848 insigniorem
1350 3761 1480 3828 vim
1523 3762 1926 3849 alienamque
1970 3763 2052 3829 ab
2105 3762 2219 3829 illa
2273 3764 2598 3831 communi
2640 3788 2797 3852 prae

337 3883 411 3927 se
472 3863 625 3947 fert3
684 3887 1072 3953 quamquam
1115 3865 1664 3953 praemonendum
1724 3873 1823 3932 est
1875 3888 2008 3933 non
2055 3888 2531 3957 usquequaque,
2580 3877 2649 3933 ut
2688 3891 2794 3935 res

334 3965 492 4048 fert,
550 3975 721 4033 certo
781 3968 1019 4036 iudicio
1035 4019 1055 4053 ,
1127 3977 1239 4036 aut
1301 3969 1470 4035 hanc
1548 3976 1659 4034 aut
1733 3968 1912 4037 illam
1989 3970 2520 4057 significationem
2602 3973 2796 4039 statui

338 4076 654 4156 oportere,
707 4091 851 4137 cum
893 4073 962 4138 in
1003 4072 1130 4139 hoc
1171 4073 1521 4138 litterarum
1566 4073 1770 4159 gradu
1811 4098 1942 4141 non
1987 4074 2178 4140 certis
2221 4074 2470 4161 legibus
2508 4077 2795 4158 profecto

334 4171 684 4259 particulae
728 4195 881 4241 usus
925 4176 1222 4243 astrictus
1269 4198 1412 4243 esse
1442 4174 1736 4243 videatur
1765 4184 1829 4243 et
1869 4200 1950 4244 ex
1989 4199 2183 4243 sensu
2222 4177 2429 4265 magis
2470 4179 2794 4266 totiusque

336 4274 638 4343 circuitus
667 4298 917 4343 conexu
941 4301 1134 4366 quam
1164 4279 1306 4345 aliis
1331 4280 1713 4346 testimoniis
1749 4279 2053 4348 iudicium
2077 4281 2265 4348 nobis
2298 4282 2383 4348 sit
2409 4281 2793 4352 faciendum.

507 4378 771 4447 Omissa
798 4380 991 4467 igitur
1014 4384 1337 4451 communi
1364 4393 1683 4471 potestate
1714 4385 2000 4451 omnium
2021 4385 2478 4473 particularum
2507 4387 2788 4454 exlama-

334 4483 630 4570 uvarum,
675 4507 803 4575 quo
858 4484 927 4552 in
982 4508 1249 4554 numero
1316 4487 1486 4574 apud
1550 4488 1850 4556 Plautum
1906 4487 2231 4578 plerisque
2289 4488 2450 4556 locis
2499 4492 2790 4574 profecto
