3142 5042
1405 191 1719 259 ·--4--

345 405 738 490 stantissimo
777 404 1093 509 Mergueti
1147 419 1383 507 lexico)
1431 441 1574 486 sum
1631 419 1905 501 adiutuS,
1949 417 2205 487 veniam
2248 439 2498 507 precor,
2538 415 2595 482 si
2637 438 2802 483 unus

344 512 584 593 alterve
627 528 806 593 locus
852 535 948 591 tot
989 534 1292 610 tantaque
1335 523 1664 591 volumina
1706 522 1976 610 legendo
2033 530 2509 611 percurrentem
2549 521 2803 607 fugerit.

458 626 464 635 ”
513 630 902 718 Temporum
946 629 1166 694 ordine
1197 627 1531 713 diligenter
1560 635 1815 692 servato
1848 627 1930 692 ab
1962 624 2421 712 antiquissimis
2449 624 2803 689 litterarum

342 735 720 800 Latinarum
762 732 1193 799 monumentis
1222 753 1428 818 usque
1459 729 1541 795 ad
1571 730 1996 817 posteriorem
2025 737 2301 795 aetatem
2324 726 2803 816 progredientes

342 838 621 924 primum
662 837 740 903 de
784 842 1117 924 poetarum
1162 835 1552 901 comicorum
1597 855 1718 898 usu
1760 832 2250 921 disputabimuS,
2283 830 2512 897 deinde
2542 831 2801 896 uberius

248 1000 253 1003 Α
334 940 811 1030 copiosiusque,
872 948 943 1004 ut
983 960 1087 1004 res
1131 938 1272 1021 fert,
1328 934 1408 1003 de
1451 936 1747 1002 Tulliana
1792 935 2105 1028 sermonis
2149 934 2628 1017 consuetudine,
2669 943 2803 998 tum

344 1044 425 1110 de
486 1043 628 1108 aliis
682 1042 897 1108 multis
955 1041 1374 1128 scriptoribus
1431 1040 1513 1105 ad
1556 1039 1726 1105 hanc
1771 1040 2211 1125 quaestionem
2255 1037 2577 1121 adhibitis,
2622 1058 2803 1124 quos,

348 1170 495 1214 cum
538 1146 620 1211 ad
663 1146 833 1211 hunc
874 1144 1089 1209 locum
1131 1143 1628 1232 pervenerimuS‚
1671 1143 2050 1209 nominatim
2094 1142 2510 1229 proferemus,

517 1250 555 1335 ᾗ
578 1249 637 1314 4.
664 1250 1052 1335 ¹Antequam
1076 1247 1156 1312 ad
1191 1247 1402 1335 ipsam
1425 1246 1802 1313 accedamus
1822 1245 2353 1332 disquisitionem,
2369 1269 2503 1310 non
2526 1243 2805 1309 alienum

344 1353 614 1436 videtur,
655 1362 727 1417 ut
756 1350 1116 1437 quaestioni
1149 1360 1318 1416 certa
1358 1349 1675 1436 quaedam
1701 1349 2117 1415 fundamenta
2157 1348 2484 1431 iaciamuS,
2525 1347 2808 1414 breviter

348 1455 774 1543 etymologiae
816 1455 1100 1520 rationes
1144 1454 1591 1542 perstringere,
1636 1476 1801 1540 quae
1845 1452 2365 1540 quandoquidem
2406 1451 2477 1516 in
2509 1458 2812 1540 promptu

347 1569 447 1626 est
497 1557 817 1644 hodieque
872 1557 983 1624 vix
1039 1581 1080 1622 a
1133 1581 1457 1645 quoquam
1510 1557 1938 1643 impugnatur,
1982 1555 2388 1644 paucissimis
2432 1555 2650 1620 verbis
2696 1556 2812 1621 ab·

347 1662 512 1729 solvi
556 1670 787 1750 potest.

522 1763 677 1833 Sine
722 1763 917 1829 dubio
950 1763 1237 1844 profecto
1272 1763 1588 1852 particula
1630 1762 1941 1848 originem
1985 1760 2218 1852 repetit
2257 1785 2297 1827 a
2316 1781 2443 1843 pro
2470 1761 2661 1844 factO,
2684 1784 2810 1849 quo

350 1879 523 1936 certo
579 1868 814 1933 iudicio
873 1867 1023 1952 quid
1075 1891 1208 1933 non
1264 1876 1398 1932 tam
1469 1867 1539 1932 in
1614 1865 1913 1953 opinione
1971 1865 2215 1932 versari
2259 1864 2366 1932 vel
2409 1865 2813 1952 cogitatione,

351 1973 464 2039 sed
505 1994 576 2037 re
618 1994 775 2049 vera
819 1992 962 2036 esse
1009 1970 1417 2056 significetur,
1463 1979 1535 2034 ut
1575 1969 1781 2035 nostri
1836 1969 2053 2034 dicunt
2106 1970 2218 2032 »in
2262 1969 2375 2032 der
2430 1967 2611 2046 That,
2656 1969 2814 2035 that-

348 2074 643 2152 sc‘iehlich,
702 2073 1041 2155 wirklick«,
1099 2096 1227 2160 qua
1281 2073 1360 2138 de
1418 2095 1613 2139 causa
1668 2074 1810 2139 fieri
1862 2095 1995 2138 non
2048 2079 2278 2159 potest,
2311 2071 2465 2158 quin
2518 2072 2812 2160 primitus

351 2175 715 2243 affirmandi
757 2177 856 2242 vel
900 2176 1112 2264 potius
1159 2177 1572 2244 asseverandi
1618 2176 1927 2263 particula
1969 2176 2255 2256 profecto
2307 2175 2651 2240 iudicanda
2707 2175 2810 2241 sit.

352 2279 543 2362 Quod
583 2281 675 2346 ita
719 2302 789 2345 se
832 2280 1091 2361 habere,
1137 2279 1280 2366 quis
1327 2289 1442 2362 est,
1501 2280 1655 2367 quin
1709 2278 2057 2346 concedat?
2144 2279 2243 2344 Eo
2288 2278 2495 2364 magis
2539 2277 2807 2360 mireriS,

354 2383 526 2471 quod
568 2383 637 2447 in
679 2383 804 2448 hac
846 2391 979 2448 tam
1022 2383 1216 2469 plana
1260 2390 1449 2470 atque
1493 2382 1837 2470 perspicua
1879 2405 1949 2448 re
1992 2382 2187 2446 HAM)
2235 2381 2494 2447 omnino
2551 2380 2809 2445 alterius

353 2486 705 2553 sententiae
733 2485 1125 2552 mentionem
1165 2485 1340 2568 facit,
1387 2509 1514 2572 qua
1555 2494 1816 2575 putatur
1850 2485 2133 2569 profecto
2179 2507 2214 2550 e
2257 2484 2591 2573 participio
2636 2508 2678 2572 p
2697 2509 2813 2551 ro-

350 2591 383 2656 f
392 2613 427 2656 e
442 2598 650 2656 ctum
694 2611 839 2655 esse
885 2597 1113 2670 ortum,
1161 2610 1305 2654 cum
1351 2589 1522 2656 dicat
1554 2589 1854 2675 (Tursell.
1884 2588 2000 2657 IV.
2033 2588 2221 2676 595);
2310 2588 2488 2654 »Non
2533 2588 2817 2654 absurda

350 2693 510 2759 mihi
554 2692 807 2757 videtur
850 2692 1181 2770 sententia,
1227 2715 1354 2779 qua
1399 2715 1433 2757 e
1477 2693 1815 2781 participio
1862 2692 2310 2779 profectum
2341 2700 2561 2756 natum
2606 2692 2813 2757 dicam

354 2796 732 2864 adverbium
763 2794 949 2859 sicuti
981 2782 1294 2877 merito,
1329 2797 1775 2884 inopinato,
1815 2796 2133 2861 subita«
2192 2792 2407 2875 Quam
2433 2794 2814 2883 interpreta-

352 2899 699 2964 tionemvel
731 2897 879 2962 inde
913 2906 1181 2985 apparet
1207 2920 1350 2964 esse
1374 2898 1742 2980 absurdam,
1767 2907 1838 2963 ut
1858 2898 2077 2964 HANDI
2107 2901 2303 2963 verbo
2348 2906 2508 2980 utar,
2556 2898 2731 2986 quod
2774 2921 2814 2964 a

353 3001 752 3091 prosodiacis
811 3001 1061 3086 legibus
1127 3024 1391 3089 prorsus
1459 3002 1781 3085 abhorret,
1849 3024 1995 3068 cum
2055 3001 2327 3067 Rrrscffl.
2397 3001 2660 3090 (proleg.
2732 3001 2815 3066 ad

353 3105 567 3170 Plauti
594 3105 722 3170 mil.
746 3104 830 3190 gl.
860 3129 920 3192 p.
946 3102 1199 3189 XXV1)
1232 3104 1736 3172 luculentissime
1766 3104 2117 3172 ostenderit
2133 3103 2420 3186 profecto
2464 3104 2815 3194 particulae

355 3209 630 3298 primam
676 3208 995 3295 syllabam
1042 3230 1293 3295 semper
1338 3230 1480 3274 esse
1527 3217 1908 3296 correptam,
1953 3207 2274 3296 participii
2301 3230 2456 3274 vero
2502 3208 2816 3297 producta

358 3313 462 3380 sit.
550 3309 700 3391 Qua
730 3311 810 3376 de
842 3311 1134 3377 obsoleta
1162 3310 1478 3398 hodieque
1505 3313 1872 3400 improbata
1902 3311 2218 3378 sententia
2259 3311 2550 3398 pluribus
2595 3311 2811 3377 verbis

359 3414 685 3503 disputare
712 3413 974 3498 longum
1004 3424 1102 3479 est
1128 3413 1404 3502 itemque
1430 3414 1510 3480 de
1539 3423 1831 3482 veterum
1858 3414 2420 3501 grammaticorum
2460 3413 2817 3503 praeceptis

359 3518 497 3583 sive
550 3518 763 3604 potius
825 3517 1013 3603 nugis
1057 3516 1471 3606 ineptiisquez
1517 3519 1789 3604 Pompei
1835 3528 2169 3584 comment.
2225 3517 2308 3599 V,
2364 3518 2486 3582 251
2550 3516 2816 3604 (Km);

362 3619 629 3687 Gledon.
664 3641 768 3685 ars
798 3619 880 3701 V,
912 3620 1026 3701 683
1071 3621 1361 3687 anecdot.
1392 3621 1645 3689 Helvet.
1678 3621 1776 3688 ed.
1809 3620 2059 3708 Hagen.
2104 3647 2169 3710 p.
2210 3622 2357 3686 261.
2445 3622 2815 3688 Priscianus

358 3745 522 3787 unus
581 3731 652 3787 ut
717 3723 932 3788 multis
991 3724 1278 3810 partibus
1343 3723 1436 3788 ita
1499 3723 1623 3790 hac
1699 3747 1953 3813 quoque
2016 3726 2084 3791 in
2127 3747 2198 3790 re
2241 3734 2413 3791 recte
2459 3726 2818 3813 suspicatus

358 3825 609 3891 videtur
667 3826 746 3891 de
794 3848 946 3892 vera
999 3826 1188 3892 huius
1246 3827 1595 3915 particulae
1655 3828 2134 3914 significatione,
2197 3851 2342 3894 cum
2394 3850 2535 3893 eam
2577 3851 2710 3894 non
2752 3827 2820 3892 in

356 3929 649 3996 iurativis
693 3929 1022 4016 particulis
1066 3937 1136 3995 ut
1179 3931 1410 4011 edepol,
1435 3936 1675 3997 ecastor
1696 3941 2011 4015 numerat,
2039 3931 2153 3997 sed
2184 3953 2330 3997 cum
2360 3930 2818 3997 confirmativis

359 4032 685 4119 componit
745 4032 995 4111 scilieet,
1062 4035 1314 4115 quippe,
1379 4035 1683 4114 videlieet,
1726 4055 1944 4116 nempe
2003 4037 2117 4120 (H,
2166 4034 2317 4120 85);
2375 4036 2608 4122 quibus
2662 4032 2821 4097 illud

360 4144 529 4202 certe
552 4157 697 4201 cum
708 4135 993 4218 profecto
1016 4137 1330 4224 particula
1371 4158 1705 4204 commune
1751 4147 1867 4222 est,
1900 4138 2074 4224 quod
2106 4138 2513 4219 subiectivae,
2543 4146 2615 4202 ut
2644 4136 2823 4202 aiunt

358 4239 774 4333 grammatici,
820 4250 968 4306 sunt
1008 4241 1363 4329 potestatiS.

531 4343 849 4410 Primaria
873 4344 1135 4410 notione
1165 4367 1246 4411 ex
1272 4346 1659 4432 etymologia
1688 4346 2033 4412 constituta
2061 4345 2436 4433 priusquam
2463 4344 2821 4428 videamus,

360 4447 898 4536 quemadmodum
951 4448 1301 4537 particulae
1356 4448 1737 4537 significatio
1793 4447 2122 4517 deflexerit
2163 4450 2232 4516 in
2285 4449 2482 4532 illam,
2528 4469 2692 4536 quae
2735 4448 2818 4514 ab
