3142 5042
1422 223 1761 290 ...ὅὸ-.-

535 450 732 533 Quod
775 449 859 516 ad
902 472 1089 515 usum
1130 449 1581 516 historicorum
1609 459 1866 538 praeter
1910 448 2259 516 Caesarem
2288 457 2477 535 atque
2508 448 2826 534 Nepotem

367 556 610 637 attinet,
656 553 883 619 Livius
925 577 1060 619 non
1100 553 1505 620 mediocriter
1547 552 1810 619 adhibet
1842 553 2141 638 profecte,
2182 551 2498 640 imprimis
2528 551 2596 616 in
2619 551 2829 638 prima

361 657 677 745 tertiaque
733 655 987 722 decade.
1074 656 1217 722 Etsi
1270 657 1459 722 huius
1504 679 1660 722 usus
1703 679 1837 722 non
1878 665 2012 722 tam
2058 655 2247 721 certis
2287 654 2618 741 firmisque
2667 652 2825 740 legi·

364 766 488 829 bus
545 760 842 826 astrictus
901 768 1031 838 est,
1094 782 1284 847 quam
1349 758 1843 842 Ciceronianus,
1900 768 2117 824 tamen
2170 780 2336 846 quae
2398 757 2677 823 maxime
2733 765 2831 822 est

371 864 720 953 conspicua
748 862 1099 948 usurpatio,
1127 863 1196 928 in
1226 863 1698 929 condicionium
1733 861 2023 948 apodosi,
2043 862 2150 928 hic
2180 884 2432 950 quoque
2461 861 2829 947 praepollet,

368 969 545 1034 velut
586 967 677 1044 II,
719 966 835 1041 28;
881 965 998 1046 443
1043 965 1124 1047 V,
1171 965 1229 1044 5,
1274 967 1346 1047 63
1395 965 1535 1044 VII,
1581 966 1697 1046 353
1743 964 1906 1034 VIII
1951 967 2021 1047 73
2065 966 2244 1032 XXI.
2287 965 2404 1045 413
2449 962 2668 1045 XXII,
2712 963 2828 1044 543

366 1073 490 1152 593
536 1070 684 1135 Non
731 1078 830 1134 est
870 1067 1267 1134 reticendum
1309 1055 1568 1135 Livium
1611 1070 1681 1134 in
1722 1067 2036 1134 indirecta
2077 1068 2484 1155 potissimum
2542 1066 2829 1132 oratione

368 1174 461 1239 uti
515 1181 739 1238 nostra
794 1171 1109 1258 particula
1164 1178 1231 1237 et
1291 1172 1553 1238 omnino
1620 1173 1690 1236 in
1749 1171 2162 1237 »accusativo
2228 1193 2374 1236 cum
2437 1169 2754 1235 infinitivo
2773 1191 2831 1233 «ε

370 1278 424 1358 Ι,
470 1276 582 1357 363
630 1275 742 1352 503
789 1273 903 1354 543
951 1274 1035 1339 II.
1082 1274 1193 1351 28;
1241 1275 1352 1352 32;
1399 1274 1500 1338 44.
1549 1275 1671 1355 ΙΙΙ,
1716 1274 1832 1355 43;
1877 1273 1991 1352 IV,
2038 1273 2153 1355 443
2198 1273 2279 1356 V,
2330 1272 2429 1354 153
2480 1273 2590 1353 173
2645 1270 2835 1353 VIII,

374 1381 487 1460 213
532 1376 720 1455 XXI,
767 1376 879 1457 303
927 1377 1040 1452 22;
1085 1377 1206 1459 42;
1251 1377 1470 1444 XXII.
1518 1379 1633 1459 353
1677 1377 1924 1451 XXIII,
1968 1378 2073 1443 45.

543 1479 715 1547 Cum
758 1478 1146 1545 discedimus
1183 1503 1223 1545 a
1256 1480 1587 1547 Valerio
1622 1480 2005 1562 Maximo,
2050 1479 2159 1567 qui
2191 1479 2450 1567 quidem
2496 1476 2836 1546 duodecies

364 1590 639 1670 usurpat
650 1581 957 1664 profem,
972 1583 1344 1670 plerumque
1373 1585 1604 1650 usitato
1630 1607 1810 1649 more
1857 1583 1941 1670 (I,
1979 1585 2035 1657 1,
2071 1584 2183 1664 143
2242 1585 2302 1665 2,
2347 1584 2416 1664 53
2464 1583 2582 1666 III,
2624 1580 2665 1646 2
2711 1592 2834 1647 ext.

375 1689 449 1767 63
497 1687 556 1764 3,
604 1686 674 1766 13
724 1685 758 1748 7
807 1694 931 1750 ext.
981 1686 1046 1766 13
1092 1685 1171 1764 V,
1217 1687 1392 1768 5‚·4;
1438 1687 1554 1769 VI,
1601 1688 1660 1771 3,
1703 1689 1773 1764 2;
1820 1688 1878 1766 8,
1922 1687 1994 1768 4;
2040 1687 2185 1770 VII,
2234 1688 2291 1769 1,
2336 1688 2405 1763 2;
2451 1687 2513 1768 4,
2557 1687 2627 1761 3;
2677 1684 2835 1767 7‚5;

375 1788 560 1862 VIII,
610 1788 667 1871 7,
711 1796 834 1853 ext.
885 1787 1017 1873 14),
1079 1812 1252 1856 nunc
1309 1790 1519 1856 subito
1575 1813 1840 1879 prorsus
1897 1791 2225 1856 evanescit
2281 1790 2466 1876 quasi
2525 1789 2837 1871 profecto·

366 1890 568 1978 Apud
631 1891 1071 1975 Justinum,
1131 1891 1522 1959 Velleium
1578 1892 1761 1979 (bis),
1819 1893 2179 1960 Tacitum
2240 1893 2520 1977 (Hfflmo
2578 1901 2835 1958 auctore

375 1993 605 2060 semel:
650 1997 803 2078 Agr.
835 1995 933 2078 2),
963 2017 1167 2081 paene
1196 1994 1355 2061 nihil
1385 1997 1734 2079 invenitur3
1766 1996 2075 2063 Plinius
2098 1997 2304 2063 maior
2327 2019 2408 2063 ex
2429 2006 2526 2063 tot
2562 1993 2743 2063 libris
2770 1995 2839 2060 in

376 2096 774 2184 praefatione
804 2098 1004 2164 semel
1036 2098 1109 2183 (ξ
1138 2098 1246 2185 17)
1275 2108 1339 2165 et
1360 2100 1623 2165 alterius
1649 2100 1797 2166 libri
1825 2101 2029 2166 tribus
2063 2101 2222 2166 locis
2254 2101 2341 2185 (1,
2361 2102 2431 2182 43
2479 2100 2539 2184 9,
2565 2096 2676 2181 433
2726 2100 2826 2177 63,

385 2197 539 2286 158)
585 2199 846 2265 adhibet
885 2202 1265 2287 particulam
1306 2202 1500 2289 idque
1542 2203 1670 2270 hoc
1714 2204 1851 2269 solo
1896 2204 2081 2283 libro,
2142 2204 2316 2291 quod
2381 2226 2457 2269 eo
2514 2225 2839 2269 commen-

378 2312 549 2368 tatur
593 2301 799 2388 magis
845 2303 925 2369 de
967 2304 1186 2371 relatis
1229 2307 1423 2373 rebus
1466 2312 1665 2394 quain
1707 2306 1850 2372 aliis
1894 2307 2093 2372 libris.
2153 2308 2261 2373 Ab
2294 2316 2562 2393 utroque
2594 2303 2842 2373 Seneca

373 2427 643 2494 prorsus
689 2406 896 2475 aliena
943 2430 1087 2474 esse
1131 2409 1384 2476 videtur
1437 2411 1781 2499 particula,
1837 2411 2403 2499 quotienscumque
2458 2430 2601 2476 eam
2655 2430 2839 2474 usur·

380 2509 577 2595 pandi
622 2510 874 2575 occasio
937 2522 1035 2577 est
1128 2514 1412 2601 (praeter
1469 2513 1618 2581 Sen.
1679 2513 1873 2580 Herc.
1930 2514 2051 2579 fur.
2112 2540 2171 2581 v.
2232 2514 2407 2601 312).
2511 2512 2706 2594 Quod
2758 2534 2840 2578 ne

385 2611 633 2677 Plinius
676 2612 888 2676 minor
941 2614 1198 2700 quidem
1256 2626 1520 2701 usurpat
1548 2617 1862 2700 profectu,
1918 2618 2198 2683 maxime
2245 2627 2343 2683 est
2396 2615 2842 2683 admirandum

383 2721 448 2781 et
490 2713 907 2796 demonstrat,
952 2739 1144 2802 quam
1184 2742 1317 2786 non
1358 2730 1496 2786 tum
1534 2720 1728 2786 fuerit
1756 2721 1826 2786 in
1871 2744 1993 2787 usu
2029 2720 2647 2807 consuetudineque3
2687 2742 2842 2786 nam

379 2817 439 2884 si
502 2816 821 2902 cuiquam,
885 2827 1055 2883 certe
1115 2820 1208 2884 illi
1269 2824 1522 2890 occasio
1587 2824 1972 2890 offerebatur
2032 2824 2169 2889 eius
2213 2824 2283 2889 in
2327 2823 2617 2912 epistulis
2663 2821 2838 2887 adhi-

375 2919 585 2986 bendi.
660 2918 1069 3000 Quibusdam
1122 2923 1303 3007 locis,
1359 2927 1471 2992 ubi
1529 2950 1611 2992 ex
1678 2926 2011 2994 Ciceronis
2079 2926 2332 2993 dicendi
2387 2926 2841 2993 consuetudine

365 3023 652 3104 profecto
705 3024 986 3091 maxime
1045 3035 1144 3092 est
1197 3027 1498 3095 idoneum
1523 3081 1540 3114 ,
1588 3031 1827 3097 vitasse
1881 3053 2086 3117 paene
2130 3029 2383 3096 videtur
2437 3029 2604 3095 hanc
2645 3028 2841 3117 parti-

381 3125 591 3191 culam
633 3126 908 3209 Plinius3
956 3131 1236 3219 exempli
1279 3154 1477 3199 causa
1521 3157 1603 3199 ex
1645 3134 1851 3220 primo
1897 3135 2060 3200 libro
2106 3133 2305 3200 affero
2348 3134 2469 3200 hos
2513 3134 2729 3206 locos:

551 3250 661 3314 eP·
708 3228 940 3307 5213:
1003 3233 1162 3300 »sed
1204 3242 1274 3300 tu
1329 3237 1439 3323 qui
1500 3237 1688 3322 huius
1755 3238 1974 3304 iudicii
2037 3237 2419 3320 meministi,
2492 3259 2606 3303 cur
2667 3237 2840 3303 illius

387 3330 626 3397 oblitus
646 3352 773 3396 es.«
800 3331 1026 3401 Cicero
1046 3336 1220 3402 haud
1233 3338 1364 3404 scio
1385 3363 1468 3404 an
1482 3341 1834 3429 scripturus
1848 3342 2063 3408 fuerit:
2103 3341 2490 3408 »meministi
2492 3341 2797 3424 profecta
2814 3368 2842 3398 «

550 3455 662 3521 ep.
710 3435 782 3513 6,
831 3437 897 3503 1:
944 3437 1184 3506 ridebis
1233 3449 1296 3507 et
1337 3443 1491 3508 licet
1528 3444 1761 3514 rideas.

555 3561 668 3626 ep.
737 3539 808 3619 5,
875 3541 946 3605 3:
1014 3540 1189 3609 idem
1255 3544 1528 3614 fortasse
1585 3548 1838 3615 eveniet
1889 3549 2038 3630 tibi,
2097 3549 2153 3613 si
2205 3547 2463 3637 quando
2508 3548 2577 3613 in
2619 3556 2843 3614 nostra

379 3641 751 3708 deverteris.

546 3767 656 3832 ep.
706 3746 818 3830 15,
863 3747 936 3812 3:
981 3749 1270 3817 invidisti
1311 3753 1533 3820 nescio
1580 3778 1664 3820 an
1708 3754 2060 3836 tibi‚'certe
2102 3754 2279 3822 mihi.

550 3845 622 3915 Si
664 3850 830 3936 quis,
874 3871 1039 3937 quae
1066 3853 1137 3918 in
1178 3855 1600 3943 praecedente
1646 3857 2020 3943 quaestione
2065 3857 2412 3946 explanare
2455 3857 2831 3936 studuimuS‚

376 3948 482 4015 vel
524 3949 747 4018 leviter
789 3955 1228 4036 considerarit,
1272 3958 1459 4025 facile
1501 3984 1716 4026 nonne
1761 3962 2069 4028 concedet
2109 3961 2212 4027 his
2255 3962 2418 4048 ipsis
2451 3960 2612 4028 locis
2651 3959 2838 4028 Cice-

374 4075 599 4118 ronem
642 4066 1093 4144 usurpaturum
1136 4060 1337 4127 fuisse
1363 4063 1652 4144 profecto
1693 4064 2119 4152 particulam?
2164 4066 2399 4131 Nonne
2426 4074 2695 4151 uterque
2724 4063 2831 4129 hic

373 4154 556 4220 locus
609 4158 1104 4231 luculentissime
1157 4163 1553 4233 demonstrat
1610 4167 1968 4234 »fortasse«
2029 4177 2093 4234 et
2153 4169 2409 4235 »nescio
2478 4192 2599 4235 an«
2664 4166 2834 4232 idem

371 4259 547 4346 quod
592 4262 761 4349 apud
808 4261 1187 4335 Ciceronem
1220 4268 1510 4351 profecto
1568 4270 1825 4337 valere?

545 4387 658 4451 ep.
705 4366 820 4450 22,
867 4369 937 4434 7:
980 4369 1329 4454 mirareris,
1376 4373 1432 4439 si
1474 4373 1839 4457 interesseS,
1885 4396 2012 4460 qua
2063 4375 2374 4461 patientia
2417 4375 2584 4442 hanc
2627 4378 2835 4462 ipsam

373 4467 805 4538 valetudinem
846 4471 1118 4538 tolleret.
