3142 5042
1446 272 1785 336 ...ῃ-.-

686 496 886 565 Men.
933 498 1088 565 647:
1185 468 1329 565 1111111
1384 498 1672 580 profecto
1727 500 1844 565 tibi
1912 509 2210 590 surrupta
2278 501 2334 568 si
2401 508 2589 586 esset,
2664 503 2847 569 salva

589 624 761 667 nunc
802 601 997 683 foret3

509 707 578 771 in
623 705 1017 772 secundariis
1066 705 1608 771 enuntiationibus
1656 706 2021 795 quinquies:

686 826 907 895 Asin.
953 827 1067 892 25:
1125 827 1216 893 ita
1269 850 1373 891 me
1432 827 1750 893 obstinate
1807 829 2202 915 adgressu’s',
2262 838 2331 895 ut
2385 853 2519 897 non
2577 829 2847 896 audeam

578 930 860 1013 profecto
903 930 1305 1016 percontanti
1353 929 1508 1015 quin
1554 953 1848 1015 promam
1894 933 2140 1000 omnia.
2232 954 2242 965 ·

692 1050 966 1137 Amph.
1021 1051 1215 1115 1022:
1263 1073 1338 1115 eo
1384 1050 1597 1133 modo,
1641 1060 1713 1116 ut
1749 1054 2030 1135 profecto
2073 1054 2257 1122 vivas
2306 1062 2584 1119 aetatem
2629 1052 2842 1119 miser.

698 1170 922 1238 Cure.
969 1171 1127 1239 4251
1175 1170 1346 1257 quod
1388 1170 1536 1236 istic
1582 1171 1889 1258 scriptum
1920 1184 2109 1256 esset,
2139 1175 2207 1240 id
2235 1184 2299 1240 te
2333 1198 2515 1242 orare
2547 1175 2848 1258 iusserat,

579 1275 885 1356 profecta
934 1282 1002 1339 ut
1043 1275 1290 1340 faceres
1338 1297 1520 1339 suam
1565 1274 1624 1338 si
1667 1274 1867 1341 velles
1911 1278 2200 1362 gratiam.

692 1395 979 1462 Pseud.
1036 1394 1198 1476 9033
1253 1416 1426 1460 nunc
1488 1394 1597 1460 ibo
1655 1395 1822 1462 intro
1868 1404 2059 1484 atque
2115 1399 2364 1467 edicam
2423 1399 2847 1466 familiaribus

585 1499 878 1581 profecto
921 1521 1004 1564 ne
1049 1498 1192 1585 quis
1237 1497 1586 1584 quidquam
1631 1498 1845 1565 credat
1886 1499 2230 1568 Pseudulo.

697 1619 919 1706 Capt.
950 1619 1108 1684 326:
1143 1628 1243 1684 est
1285 1620 1478 1684 etiam
1520 1619 1633 1684 ubi
1649 1619 1937 1700 profecto
1966 1625 2269 1689 damnum
2311 1631 2595 1711 praestet
2636 1621 2849 1689 facere

589 1745 783 1809 quam
824 1723 1090 1789 lucrum.

556 1845 900 1910 Praeterea
939 1842 1098 1908 illud
1143 1842 1584 1909 admonuerim
1611 1869 1640 1902 »
1664 1843 1991 1930 profecto«
2036 1847 2471 1914 consociatum
2516 1870 2659 1913 esse
2703 1869 2850 1915 cum

386 1948 671 2036 »edepol«
695 1947 1009 2036 particula
1032 1946 1264 2014 Most.
1296 1947 1443 2012 818.
1476 1947 1656 2013 1082.
1702 1947 1756 2013 Ρ
1774 1969 1803 2012 s
1822 1948 1989 2018 eud.
2014 1949 2161 2016 342.
2180 1950 2366 2016 1252.
2388 1951 2663 2037 Amph.
2690 1951 2846 2034 3713
2947 2024 2954 2033 ὁ

386 2074 532 2117 cum
577 2051 769 2138 »pol«
809 2050 1083 2138 Amph.
1129 2051 1271 2116 371.
1357 2051 1551 2116 Men.
1604 2050 1789 2118 1064.
1857 2051 2093 2119 Mero.
2141 2054 2255 2135 223
2301 2076 2448 2121 cum
2490 2055 2844 2142 »quidem«.

387 2154 668 2220 Pseud.
743 2154 888 2218 310.
977 2154 1206 2220 Poen.
1256 2153 1443 2218 1349.

518 2257 812 2339 Profecto
837 2280 982 2323 cum
1003 2266 1232 2324 »certe«
1247 2257 1655 2324 coniunctum
1665 2282 1796 2323 non
1806 2258 2128 2326 invenitur
2143 2260 2238 2340 ;in
2252 2260 2477 2328 eodem
2499 2261 2847 2344 enuntiato,

387 2360 501 2425 sed
525 2346 818 2427 diversae
833 2361 1173 2449 potestatis
1199 2361 1323 2426 duo
1350 2361 1716 2427 suntTrin.
1749 2361 1933 2444 1072,
1957 2385 2083 2448 quo
2108 2363 2186 2427 de
2214 2363 2353 2429 loco
2379 2385 2574 2453 supra
2594 2364 2847 2430 uberius

386 2463 872 2549 disputavimus
959 2464 1086 2530 His
1136 2464 1216 2529 de
1260 2465 1454 2529 rebus
1502 2464 1793 2532 consulto
1823 2489 1955 2531 non
1997 2458 2269 2532 multum
2311 2468 2512 2533 verba
2554 2467 2845 2551 facimuS‚

389 2565 691 2651 quoniam
736 2566 818 2631 ad
861 2568 1060 2633 totius'
1101 2567 1492 2654 quaestionis
1537 2568 1854 2636 rationem
1895 2569 2158 2637 minime
2201 2570 2536 2659 pertinent.

1580 2863 1654 2929 B.

554 3087 595 3166 ξ
647 3085 700 3148 1.
747 3086 1153 3152 Accedamus
1199 3108 1389 3168 nunc,
1437 3087 1494 3151 si
1536 3087 1766 3174 placet,
1813 3087 1894 3151 ad
1952 3086 2405 3173 Terentianum
2459 3110 2678 3172 usum,
2738 3090 2846 3177 qui

380 3187 580 3255 multo
644 3189 973 3274 angustior
1036 3189 1334 3255 Plautino
1416 3189 1549 3254 iam
1636 3191 1934 3279 proprius
2008 3190 2091 3256 ad
2161 3191 2587 3259 recentiorem
2658 3214 2846 3258 usum

382 3290 648 3358 accedit.
745 3291 872 3356 Hic
941 3315 1194 3380 quoque
1269 3292 1347 3357 de
1399 3293 1588 3381 plane
1642 3282 2027 3361 'affirmativa
2078 3294 2441 3377 »profecto«
2497 3295 2845 3381 particulae

381 3394 450 3460 vi
495 3416 570 3459 ac
612 3394 874 3459 notione
919 3396 1199 3461 breviter
1257 3396 1712 3484 disputandum
1771 3397 2055 3480 videtur3
2102 3399 2257 3464 satis
2304 3408 2403 3466 est
2442 3399 2620 3465 locos
2665 3398 2843 3487 ipsos

381 3497 449 3563 in
495 3506 841 3585 conspectu
887 3521 1154 3584 ponere:

690 3600 1044 3688 Adelphi
1099 3600 1213 3667 281
1246 3604 1534 3685 profecto
1579 3603 1704 3670 hoc
1747 3626 1899 3670 vere
1946 3605 2179 3671 dicunt.

688 3706 877 3771 Eun.
925 3704 1082 3770 3951
1133 3716 1230 3770 est
1269 3707 1438 3773 istuc
1484 3707 1703 3773 datum
1741 3708 2049 3792 profecto,
2098 3720 2165 3774 ut
2216 3718 2402 3796 grata
2460 3710 2620 3776 mihi
2675 3720 2841 3794 sunt,

581 3832 746 3895 quae
790 3808 979 3892 facio,
1029 3808 1259 3874 omnia.

689 3911 979 3978 Heaut.
1027 3913 1183 3977 420:
1232 3922 1341 3978 aut
1384 3936 1501 4000 ego
1545 3914 1823 3999 profecto
1869 3916 2123 4003 ingenio
2157 3918 2412 4004 egregio
2437 3917 2520 3983 ad
2548 3917 2841 3986 miserias

590 4022 776 4080 natus
824 4039 965 4082 sum
1010 4025 1121 4081 aut
1161 4017 1318 4082 illud
1363 4016 1676 4084 falsumst‚
1998 4019 2001 4023 ’

591 4216 651 4281 d·
691 4116 876 4185 Hec.
927 4121 1081 4185 7821
1115 4122 1403 4202 profecto
1446 4121 1514 4187 in
1543 4121 1666 4188 hac
1700 4147 1769 4189 re
1805 4123 1965 4189 nihil
1996 4123 2229 4207 malist,
2262 4125 2433 4213 quod
2460 4125 2544 4191 sit
2570 4124 2839 4191 discidio

634 4242 869 4304 lgnum.

684 4322 748 4388 E
765 4347 881 4391 un.
925 4324 1081 4392 5511
1137 4350 1307 4394 nunc
1360 4336 1458 4394 est
1498 4330 1813 4413 profecto,
1885 4330 2158 4398 interfici
2214 4355 2361 4399 cum
2425 4331 2672 4420 perpeti
2736 4353 2840 4401 me

586 4449 868 4515 possum.

690 4532 1001 4598 Andria
1047 4532 1186 4601 703.
1272 4534 1554 4601 Heaut.
1611 4537 1794 4602 614:
