3142 5042
1443 189 1740 252 ...3-

371 419 433 476 et
477 407 541 476 O.
564 407 751 478 RW.
795 408 1108 475 Momm
1152 409 1231 475 de
1278 410 1418 478 Swe
1459 411 1812 498 particulae
1856 433 1977 476 usu
2024 410 2243 476 libello
2292 411 2479 490 (fiber
2523 409 2649 478 den
2692 409 2825 478 Ge-

370 513 614 581 brauch
651 513 763 577 der
798 512 1086 578 Partikel
1128 514 1275 579 sive.
1343 515 1567 580 Berlin
1595 514 1817 599 1871).
1881 514 1986 580 Ex
2009 513 2118 579 illo
2141 520 2430 600 tempore
2452 513 2830 581 exstiterunt

367 616 728 706 complures
774 639 1012 682 novam
1057 615 1139 680 ab
1189 616 1316 681 illis
1362 618 1519 682 viris
1580 618 1785 684 doctis
1842 617 2266 703 significatam
2316 617 2490 683 viam
2531 618 2828 705 ingressi,

366 722 471 809 qui
548 744 680 785 non
737 720 976 784 frustra
1038 719 1458 805 singularium
1527 721 1985 808 particularum
2057 743 2246 786 usum
2306 720 2640 807 diligenter
2710 744 2823 787 ex-

366 825 785 912 plicaverunt,
864 847 989 910 quo
1069 824 1136 887 in
1217 847 1485 890 numero
1560 823 1876 913 imprimis
1971 833 2069 889 est
2128 822 2464 890 habendus
2548 824 2828 890 Risum

370 928 562 993 Dm,
596 927 853 992 natione
872 928 935 993 N
938 950 1211 1013 orvegus
1244 926 1377 1013 (die
1407 927 1783 993 lateinische
1804 927 2090 992 Partikel
2117 931 2206 1009 ut,
2230 926 2591 994 Kristiania
2617 928 2828 1014 1882).

373 1031 518 1096 Etsi
559 1031 752 1117 igitur
795 1029 918 1095 hac
962 1039 1168 1095 aetate
1212 1030 1505 1097 homines
1549 1032 1905 1096 litterarum
1950 1029 2220 1096 studiosi
2261 1031 2467 1116 magis
2496 1031 2830 1118 magisque

373 1133 557 1198 huius
602 1134 1060 1220 grammaticae
1104 1133 1374 1199 Latinae
1433 1135 1634 1222 partis
1691 1134 1901 1200 studio
1958 1133 2326 1216 retinentur,
2383 1143 2601 1201 tamen
2651 1144 2723 1199 ut
2762 1134 2831 1200 in

371 1237 587 1303 multis
632 1239 846 1319 rebuS,
891 1238 983 1301 ita
1024 1237 1146 1302 hac
1192 1260 1444 1324 quoque
1500 1237 1569 1302 in
1625 1260 1695 1302 re
1738 1237 2009 1303 Latinae
2063 1237 2313 1305 litterae
2358 1260 2514 1325 prae
2560 1235 2829 1304 Graecis

370 1340 703 1427 iniquitate
775 1363 989 1405 rerum
1065 1349 1458 1426 premuntur,
1531 1362 1676 1407 cum
1741 1339 2013 1407 Graecis
2078 1340 2410 1430 particulis
2476 1339 2830 1407 enodandis

368 1444 567 1510 multo
623 1444 828 1530 magis
887 1444 1243 1509 clarissima
1294 1443 1651 1510 litterarum
1703 1444 1945 1511 lumina
2005 1467 2270 1533 operam
2314 1443 2622 1527 dederint,
2658 1444 2836 1510 velut

368 1548 701 1630 HARTUNG,
745 1548 1134 1624 BAEUMLEIN,
1165 1540 1479 1631 KvffiALA,
1527 1547 1820 1630 CURTIUS,
1865 1549 2227 1614 Lonovmus
2271 1545 2512 1612 Lmen.

543 1653 582 1738 ξ
629 1653 687 1716 3.
779 1649 961 1731 Quae
1020 1674 1162 1716 cum
1215 1652 1306 1716 ita
1364 1652 1509 1734 sint,
1566 1651 1741 1716 haud
1794 1651 2052 1717 inanem
2102 1673 2205 1717 me
2251 1659 2696 1737 suscepturum
2738 1650 2833 1716 la-

370 1759 596 1823 borem
641 1754 914 1836 confido,
973 1777 1119 1820 cum
1173 1754 1296 1822 hac
1353 1755 1504 1820 data
1560 1754 1899 1821 occasione
1931 1754 2041 1820 ‘de
2098 1753 2460 1820 affirmandi
2504 1752 2832 1843 particulis

371 1859 640 1941 Latinis,
686 1858 1028 1946 praecipue
1074 1858 1153 1923 de
1197 1858 1465 1941 ratione,
1512 1880 1675 1946 quae
1717 1858 1886 1925 inter
1919 1857 2202 1940 profecto
2245 1857 2630 1946 particulam
2665 1867 2833 1923 cete-

374 1985 604 2049 rasque
648 1961 1003 2043 intercedit,
1064 1986 1271 2049 pauca
1334 1963 1465 2028 iam
1523 1962 1772 2049 pridem
1827 1961 2205 2046 excogitata,
2250 1982 2423 2026 nunc
2466 1959 2831 2046 diligentius

373 2074 757 2154 pertractata
822 2065 1101 2151 profero,
1206 2067 1500 2153 Namque
1577 2089 1723 2132 cum
1795 2077 1942 2130 ante
2015 2065 2132 2130 hos
2205 2064 2565 2148 complures
2630 2085 2836 2129 annos

371 2170 728 2257 praeceptis
764 2167 1198 2255 institutisque
1229 2170 1519 2254 magistri
1564 2168 1881 2235 carissimi
1928 2166 2002 2234 C.
2033 2168 2105 2232 F.
2137 2164 2239 2234 W.
2270 2166 2611 2245 ΜΠΕΒΒΕΒΙ,
2655 2165 2834 2252 prin-

372 2273 529 2360 cipis
576 2273 942 2338 criticorum
964 2271 1424 2355 Tullianorum,
1473 2273 1737 2339 edoctus
1782 2293 1994 2337 essem
2039 2270 2117 2336 de
2154 2293 2307 2336 vera
2352 2278 2541 2356 atque
2587 2269 2839 2335 sincera

373 2375 756 2456 affirmandi,
802 2398 965 2462 quae
1000 2375 1248 2458 dicitur,
1280 2376 1632 2463 particulae
1650 2377 1934 2457 profecto
1963 2374 2030 2441 vi
2072 2383 2135 2441 et
2163 2374 2443 2455 notione,
2476 2372 2835 2439 accuratius

371 2481 442 2542 in
482 2478 649 2543 hanc
691 2501 830 2543 rem
873 2478 1193 2566 inquirere
1239 2479 1540 2544 constitui
1587 2488 1650 2545 et
1696 2478 2052 2560 ostendere,
2098 2500 2291 2565 quam
2326 2485 2498 2542 recte
2527 2475 2836 2560 magister

379 2580 485 2644 ille
529 2604 645 2667 pro
693 2603 807 2644 sua
852 2582 1085 2646 eximia
1129 2581 1405 2668 quadam
1452 2591 1642 2669 atque
1686 2582 1921 2647 illustri
1965 2580 2280 2647 sermonis
2308 2579 2527 2645 Latini
2571 2578 2839 2645 scientia

377 2682 768 2748 iudicaverit.
867 2680 1042 2762 Quid
1104 2685 1244 2770 ipse
1318 2685 1397 2750 de
1469 2685 1595 2752 hac
1665 2709 1736 2751 re
1811 2685 2063 2767 sentiat,
2139 2683 2458 2769 significat
2527 2682 2839 2752 Murum

373 2785 749 2874 planissime
808 2788 1247 2865 commentarii
1304 2789 1371 2852 in
1429 2788 1763 2856 Ciceronis
1821 2788 2114 2855 Laelium
2168 2812 2231 2874 p.
2282 2786 2384 2868 14,
2443 2809 2587 2852 cum
2633 2786 2836 2853 dicatz

372 2889 694 2970 »Profecto
766 2888 926 2954 wird
1011 2889 1345 2977 allgemein
1421 2894 1514 2958 als
1582 2890 2367 2978 Versicherungspartikel
2453 2889 2833 2975 angesehen.

374 2992 529 3058 Dies
573 2991 659 3058 ist
700 3016 862 3078 ganz
906 2992 1125 3059 falsch.
1211 2995 1304 3061 Es
1351 2995 1697 3080 bekraftigt
1737 2996 1844 3060 nie
1889 2994 2005 3059 das
2048 2992 2354 3078 Gesagte,
2400 2992 2680 3059 sondern
2722 2994 2835 3059 be-

373 3095 662 3161 zeichnet
716 3096 805 3160 im
865 3094 1265 3182 Gegentheil,
1317 3099 1438 3164 wie
1495 3100 1586 3164 im
1641 3096 2015 3164 Deutschen
2061 3095 2428 3178 jcdcnfaZZS,
2484 3095 2834 3179 sicherlich,

372 3199 685 3277 bestimmt‚
730 3199 1083 3266 besonders
1124 3203 1362 3284 yewiSS,
1422 3202 1572 3269 dass
1632 3203 1745 3269 der
1800 3200 2106 3268 Redende
2163 3199 2266 3266 die
2311 3197 2521 3267 Sache
2570 3224 2695 3266 nur
2738 3200 2833 3266 als

373 3304 548 3369 scine
578 3302 976 3390 personliche
1000 3302 1449 3392 Vermuthung
1476 3306 1818 3372 hinstellen
1847 3305 1992 3384 will,
2007 3331 2033 3364 «
2064 3304 2357 3370 similiter
2390 3301 2473 3367 ad
2498 3299 2832 3369 Ciceronis

373 3408 453 3472 de
499 3404 728 3472 officiis
787 3408 1100 3473 librorum
1153 3409 1344 3497 primi
1400 3409 1869 3497 paragraphum
1913 3409 2207 3474 alteram:
2265 3403 2589 3486 »Profecto
2631 3406 2838 3473 heisst

370 3512 474 3577 nic
527 3510 834 3576 wahrlich
889 3510 1018 3575 und
1073 3510 1248 3576 dient
1300 3513 1405 3578 nie
1472 3538 1586 3578 zur
1639 3512 2069 3600 Beteuerung,
2128 3510 2407 3577 sondern
2460 3508 2837 3576 bezeichnet
2898 3575 2903 3581 .

371 3614 490 3679 wie
537 3614 654 3679 das
683 3614 1013 3680 Deutsche
1050 3613 1415 3695 jedcnfall3‚
1461 3616 1814 3695 sicherlich,
1854 3616 2094 3699 yemis&
2140 3615 2278 3680 eine
2320 3636 2443 3679 nur
2487 3612 2833 3699 subjektiv,

375 3716 551 3783 nicht
595 3719 882 3804 objektiv
927 3717 1173 3783 sichere
1220 3718 1374 3783 oder
1416 3721 1687 3806 gewisse
1731 3718 2316 3804 Voraussetzung.«

541 3820 667 3886 His
723 3821 1095 3909 praemissis
1150 3831 1367 3902 restat,
1422 3831 1493 3887 ut
1548 3824 1769 3909 paucis
1826 3823 2267 3890 disserendum
2322 3842 2467 3887 esse
2524 3820 2833 3906 videatur,

373 3941 501 4008 qua
543 3923 650 3987 via
680 3926 937 3993 omissis
966 3925 1286 4012 partiendi
1310 3935 1373 3991 et
1401 3926 1745 3993 definiendi
1781 3927 1982 4015 spinis
2006 3924 2493 4013 progrediamur
2523 3932 2830 4011 oporteat.

371 4024 462 4090 Ut
503 4024 662 4089 mihi
703 4026 843 4113 ipse
889 4038 1131 4095 certum
1164 4030 1486 4116 quoddam
1515 4031 1825 4097 iudicium
1855 4030 1934 4097 de
1976 4030 2101 4096 hac
2121 4052 2191 4095 re
2213 4029 2538 4116 fingerem,
2569 4035 2829 4094 coactus

371 4150 516 4193 sum
561 4150 707 4194 cum
751 4153 970 4197 omnes
1016 4134 1378 4220 scriptoreS,
1423 4158 1585 4221 quos
1632 4136 1737 4202 vel
1781 4135 1969 4215 parvi
2010 4132 2313 4199 momenti
2357 4131 2442 4197 ad
2473 4128 2830 4216 augendam

368 4231 537 4297 hanc
582 4233 1022 4319 quaestionem
1065 4237 1204 4303 fore
1250 4237 1629 4323 arbitrabar,
1657 4248 1792 4304 tum
1822 4236 2164 4326 praecipue
2195 4233 2577 4304 Ciceronem
2606 4253 2828 4321 perse-

369 4336 511 4424 qui,
558 4359 799 4422 omne8‚
844 4338 953 4424 qui
979 4339 1104 4407 huc
1146 4340 1481 4429 pertinent,
1524 4343 1704 4410 locos
1740 4341 2054 4426 colligere,
2085 4337 2391 4426 digerere,
2438 4335 2825 4403 examinare.

371 4437 519 4521 Qua
560 4440 629 4508 in
671 4465 742 4510 re
787 4443 1092 4531 quoniam
1132 4467 1336 4533 paene
1378 4448 1551 4514 nullo
1587 4447 1944 4514 litterarum
1974 4442 2259 4511 subsidio
2293 4442 2593 4529 (excepto
2635 4462 2826 4528 prae-

2421 4544 2484 4598 1*
