3142 5042
504 1585 926 1710 Quamquam
971 1610 1071 1675 his
1102 1609 1261 1697 ipsis
1292 1609 1689 1697 temporibus
1725 1607 2180 1695 grammaticae
2210 1607 2482 1673 Latinae
2516 1606 2784 1675 investi-

323 1716 495 1803 gatio
560 1713 935 1779 incredibile
1001 1722 1308 1800 quantum
1369 1711 1642 1800 profecit
1714 1734 1922 1799 neque
2011 1710 2258 1792 desunt,
2349 1710 2459 1798 qui
2537 1733 2787 1776 summa

326 1817 671 1904 sagacitate
717 1824 908 1904 atque
952 1815 1468 1903 praeclarissima
1527 1815 1821 1881 doctrina
1875 1813 2151 1902 praediti
2197 1814 2552 1901 singulares
2593 1814 2785 1879 huius

326 1920 699 2002 disciplinae
742 1927 956 2006 partes
1001 1918 1384 2006 perscrutati
1430 1919 1576 1999 sint,
1622 1926 1838 1982 tamen
1882 1939 1963 1982 ex
2004 1915 2107 1981 his
2152 1917 2346 1982 tantis
2380 1916 2612 2004 studiis
2639 1940 2786 2006 per-

325 2044 597 2109 paucum
665 2021 985 2087 commodi
1057 2021 1454 2087 redundasse
1520 2021 1750 2109 opinor
1812 2020 1880 2084 in
1947 2018 2404 2107 particularum
2471 2021 2784 2086 sermonis

321 2125 538 2190 Latini
584 2125 918 2191 rationem.
996 2122 1183 2205 Quae
1216 2125 1482 2191 voculae
1515 2125 1736 2212 quanti
1782 2123 1911 2189 sint
1937 2122 2245 2189 momenti
2278 2122 2360 2187 ad
2390 2144 2785 2210 cognoscen-

322 2228 474 2293 dum
552 2235 849 2313 recteque
928 2227 1440 2315 perspiciendum
1528 2225 2028 2312 uniuscuiusque
2116 2225 2369 2312 linguae
2456 2228 2787 2315 proprium

319 2330 604 2397 colorem
674 2330 1112 2417 habitumque,
1186 2330 1445 2396 uberius
1532 2330 1984 2417 copiosiusque
2023 2328 2182 2395 'hoc
2251 2329 2393 2395 loco
2470 2330 2786 2397 disserere

319 2456 864 2521 supervacaneum
920 2434 1194 2517 videtur,
1252 2434 1556 2522 quoniam
1610 2434 1678 2498 id
1746 2434 1876 2498 iam
1941 2432 2093 2498 inde
2168 2434 2249 2498 ab
2323 2432 2785 2520 antiquissimis

323 2535 479 2599 artis
527 2538 980 2619 grammaticae
1023 2539 1422 2626 temporibus
1483 2537 1639 2602 satis
1707 2558 2025 2624 superque
2088 2544 2186 2601 est
2242 2536 2585 2621 cognitum.
2685 2538 2785 2602 De

321 2636 694 2702 Latinarum
721 2640 1176 2723 particularum
1208 2663 1331 2707 usu
1362 2641 1712 2727 antiquitus
1743 2639 2059 2726 permulta
2090 2661 2246 2704 sane
2292 2660 2331 2703 a
2375 2638 2532 2705 viris
2577 2639 2782 2705 doctis

320 2740 565 2826 passim
610 2742 945 2807 commode
988 2752 1178 2829 atque
1225 2744 1539 2810 subtiliter
1585 2744 1908 2831 disputata
1952 2751 2117 2825 sunt,
2163 2750 2378 2808 tamen
2421 2742 2780 2809 accuratius

316 2843 387 2908 in
450 2843 617 2910 hanc
677 2843 989 2910 lubricam
1047 2868 1511 2934 operosamque
1566 2846 1903 2912 materiam
1955 2845 2297 2933 inquirere,
2358 2844 2651 2932 occupati
2711 2844 2782 2910 in

319 2946 461 3012 aliis
510 2949 576 3013 et
616 2947 1021 3035 gravissimis
1082 2948 1308 3014 studiis
1366 2958 1431 3015 et
1485 2973 1649 3037 quae
1703 2949 1831 3015 illis
1885 2947 2284 3037 temporibus
2329 2948 2528 3014 multo
2573 2948 2780 3034 magis

318 3059 501 3115 erant
544 3051 1046 3133 accommodata,
1078 3051 1365 3139 exceptis
1397 3053 1804 3141 paucissimis
1837 3052 2218 3132 omiserunt3
2263 3060 2455 3138 atque
2485 3052 2779 3137 quotiens

313 3152 384 3217 in
455 3154 895 3221 constituendo
983 3154 1368 3243 scriptorum
1440 3164 1617 3221 textu
1697 3156 1867 3223 hanc
1953 3156 2060 3224 vel
2140 3155 2316 3221 illam
2400 3154 2779 3244 particulam

315 3255 743 3341 perstringere
800 3258 1006 3324 coacti
1071 3267 1273 3341 erant,
1298 3310 1306 3319 .
1333 3257 1648 3325 eiusmodi
1705 3259 2079 3346 quaestione
2124 3281 2319 3346 quam
2370 3257 2776 3346 paucissimis

327 3357 628 3424 absoluta
673 3360 829 3425 satis
873 3361 1246 3449 plerumque
1288 3361 1618 3428 habebant
1660 3362 2194 3449 significationem
2239 3360 2538 3448 aliquam,
2585 3383 2775 3447 quem

314 3461 584 3548 quisque
643 3465 1088 3550 pertractavit,
1165 3466 1308 3533 loco
1388 3465 1877 3533 convenientem
1938 3475 2232 3531 statuere.
2367 3461 2561 3544 Quod
2632 3486 2775 3530 cum

311 3563 619 3646 fecerunt,
692 3587 830 3630 rem
912 3566 1525 3654 perniciosissimam
1603 3569 1672 3634 in
1751 3569 1919 3635 hanc
2018 3567 2375 3635 doctrinam
2442 3566 2776 3634 induxisse

313 3667 630 3735 videntur.
762 3666 1089 3749 Quidnam
1175 3680 1275 3736 est
1362 3672 1749 3760 perversius,
1849 3694 2039 3757 quam
2126 3671 2208 3736 iis
2280 3669 2439 3757 ipsis
2505 3669 2772 3752 voculis,

314 3792 476 3855 quae
564 3772 904 3860 praecipue
990 3772 1488 3862 uniuscuiusque
1576 3776 1890 3841 sermonis
1948 3775 2403 3865 proprietatem
2474 3796 2629 3862 prae
2702 3795 2773 3840 se

312 3870 523 3939 ferunt
609 3884 672 3940 et
759 3898 921 3962 quae
1007 3899 1139 3943 non
1224 3877 1351 3942 nisi
1439 3902 1520 3943 ex
1614 3879 1841 3944 intima
1921 3879 2283 3966 linguarum
2365 3875 2583 3943 indole
2667 3877 2774 3945 vel

308 3982 539 4039 natura
599 3978 883 4066 intellegi
945 3990 1237 4068 possunt,
1314 3990 1490 4046 certa
1563 3981 1841 4066 quadam
1913 3981 2378 4069 significatione
2447 4002 2567 4069 per
2636 3979 2771 4047 vim

308 4075 612 4163 imposita
665 4102 803 4146 rem
859 4104 980 4148 acu
1033 4084 1321 4170 tetigisse
1378 4084 1703 4149 arbitrari:
1767 4086 1959 4172 quasi
2020 4084 2280 4152 omnino
2338 4106 2485 4151 cum
2539 4083 2767 4150 ceteris

306 4180 767 4248 recentioribus
830 4184 1065 4272 linguis
1130 4196 1267 4253 tum
1332 4187 1541 4274 patrio
1610 4210 1906 4255 sermone
1973 4188 2232 4255 subtilia
2298 4187 2412 4254 illa
2476 4185 2768 4253 Graecae

305 4282 701 4372 Latinaeque
728 4288 1033 4355 orationis
1058 4289 1449 4373 discrimina,
1473 4312 1639 4377 quae
1660 4291 1900 4358 sentias
1922 4291 2173 4358 facilius
2210 4313 2403 4378 quam
2438 4290 2764 4378 explaneS,
2795 4345 2809 4363 ,

305 4408 568 4472 prorsus
644 4389 883 4476 pariter
958 4393 1375 4480 restricteque
1450 4394 1636 4460 reddi
1713 4404 1824 4462 aut
1884 4394 2191 4485 explicari
2255 4392 2548 4482 possint?
2658 4396 2765 4460 An

306 4489 613 4559 orationis
655 4491 982 4581 ingenium
1036 4504 1208 4563 recte
1265 4499 1673 4587 perspexisse
1718 4499 2014 4581 videaris,
2074 4520 2239 4582 cum,
2283 4506 2357 4564 ut
2399 4498 2763 4586 exemplum

2353 4600 2386 4656 1
