3142 5042
1436 179 1776 244 „34-

384 428 514 493 qua
552 403 799 492 scripta
841 403 1203 472 invenimus
1246 402 1433 470 haec:
1477 424 1710 490 »quem
1768 402 1890 489 (sc.
1946 425 2168 470 casum
2213 412 2468 494 ereptae
2509 405 2713 492 filiae)
2756 456 2770 472 .
2818 457 2837 476 .

381 508 615 575 ferrem
676 516 893 575 certe
956 507 1364 586 moderatius,
1423 506 1480 572 si
1521 515 1590 572 te
1628 506 1947 573 haberem.
1964 531 1994 567 ‹<
2080 506 2311 576 Cicero
2372 529 2519 575 cum
2573 508 2837 593 Tulliae,

388 633 581 698 quam
647 612 712 677 in
773 612 976 678 oculis
1029 611 1296 694 ferebat,
1361 618 1582 677 morte.
1630 610 2012 696 gravissime
2077 611 2352 678 afflictus
2406 634 2449 677 a
2501 612 2839 679 Dolabella

381 713 626 780 litteras
650 714 1111 782 consolatorias
1143 713 1516 803 accepisset,
1547 712 1806 779 simulat
1839 735 1909 779 se
1940 714 2213 803 epistula
2242 714 2400 797 eius,
2431 715 2542 804 qui
2568 714 2836 803 repudio

387 816 557 884 dicto
602 817 847 884 Tulliae
890 818 1090 886 vitam
1131 817 1579 904 fortunamque
1606 818 1675 881 in
1706 816 2161 905 sempiternum
2192 825 2528 901 everterat,
2557 818 2837 885 maxime

390 943 535 987 esse
600 922 881 988 levatum
948 929 1139 1008 atque
1205 928 1516 1003 erectum,
1583 927 1655 985 ut
1727 920 1902 986 omni
1970 921 2163 987 modo
2225 920 2674 1010 potentissimo
2744 921 2839 986 illi

382 1022 779 1091 Caesariano
822 1024 1204 1091 blandiatur.
1290 1022 1545 1105 Quodsi
1585 1023 1919 1090 scriberet:
1962 1047 2195 1112 ›quem
2229 1027 2463 1092 ferrem
2492 1026 2837 1109 profecta«

381 1128 663 1215 apertius
709 1150 865 1195 sane
909 1127 1188 1217 quidem,
1234 1127 1388 1214 quid
1431 1150 1585 1193 vere
1629 1128 1911 1210 sentiret,
1956 1128 2361 1215 significaret,
2408 1128 2523 1201 sed
2565 1128 2661 1194 illi
2702 1152 2832 1195 non

381 1230 620 1298 diceret
661 1232 1019 1298 blanditias,

553 1333 686 1402 Sed
727 1335 869 1400 fieri
911 1357 1043 1400 non
1085 1343 1318 1423 potest,
1363 1342 1433 1399 ut
1466 1355 1688 1400 omnes
1731 1333 1857 1400 huc
1885 1332 2273 1422 pertinentes
2303 1335 2481 1401 locos
2511 1334 2835 1423 copiosius

376 1437 723 1525 explicem3
769 1437 965 1504 affero
1009 1437 1481 1505 tantummodo:

552 1564 662 1628 ep.
700 1541 910 1625 7,11,
959 1542 1024 1606 l:
1069 1541 1198 1607 nisi
1241 1549 1387 1607 ante
1430 1540 1643 1607 Roma
1669 1488 1993 1627 profectus
2023 1562 2218 1621 esseS,
2247 1563 2418 1608 nunc
2448 1563 2591 1607 eam
2620 1551 2836 1608 certe

375 1645 788 1732 relinqueres.

551 1770 656 1836 ep.
693 1749 752 1832 7,
778 1748 881 1831 14,
911 1748 982 1813 2:
1015 1746 1209 1829 Quod
1239 1756 1444 1814 certe
1472 1747 1569 1813 ita
1588 1748 1789 1832 fieret,
1820 1747 1878 1814 si
1897 1748 2326 1816 tumaluisses
2343 1748 2836 1817 benevolentiae

379 1875 572 1940 quam
614 1851 820 1917 litium
863 1852 1003 1917 iura
1046 1851 1427 1940 perdiscere.

551 1954 783 2021 Arch.
828 1955 941 2020 29:
1000 1961 1234 2037 certe,
1280 1954 1336 2020 si
1376 1953 1538 2020 nihil
1567 1953 1818 2021 animus
1843 1955 2264 2043 praesentiret
2288 1955 2357 2021 in
2385 1965 2835 2043 posterum...,

377 2081 587 2146 neque
629 2067 726 2125 tot
768 2059 938 2125 curis
979 2058 1343 2146 vigiliisque
1389 2067 1727 2146 augeretur
1768 2081 1890 2126 nec
1930 2059 2163 2126 totiens
2221 2058 2303 2125 de
2357 2060 2505 2148 ipsa
2557 2061 2693 2128 vita
2736 2061 2833 2126 di-

378 2162 662 2228 micaret.

552 2288 662 2354 ep.
712 2266 824 2348 10,
874 2266 985 2349 18,
1031 2265 1101 2348 33
1151 2265 1255 2348 10,
1298 2265 1360 2348 4,
1405 2265 1463 2330 2.
1511 2264 1595 2330 ad
1636 2265 1794 2331 Att.
1843 2266 1953 2349 10,
2000 2265 2115 2348 11,
2163 2266 2233 2347 1;

551 2369 701 2436 Hoc
741 2368 914 2434 haud
958 2369 1050 2434 ita
1089 2366 1409 2458 frequenti
1449 2390 1572 2434 usu
1617 2370 1843 2436 leviter
1883 2370 2218 2460 perstricto
2265 2369 2701 2456 aggrediamur
2742 2369 2824 2435 ad

381 2473 524 2538 illas
572 2473 940 2555 sententiaS,
984 2472 1053 2538 in
1097 2472 1328 2561 quibus
1360 2472 1646 2555 profecto
1689 2494 1837 2538 cum
1877 2470 2301 2538 condicionali
2333 2471 2611 2539 secundo
2641 2473 2827 2558 (coni.

386 2575 1019 2666 plusquamperfecti)
1067 2575 1473 2643 coniunctum
1513 2576 1897 2644 invenimus.

996 2750 1283 2835 Profecto
1320 2750 1550 2816 tertiae
1591 2749 1879 2816 additum
1921 2770 2255 2837 personae.

553 2886 584 2950 f
590 2886 689 2954 in.
739 2887 796 2970 1,
843 2887 957 2953 20:
1004 2886 1177 2975 quod
1212 2888 1493 2970 profecto
1533 2909 1880 2976 numquam
1909 2887 2285 2975 putavisset,
2332 2886 2388 2952 si
2430 2907 2469 2951 a
2507 2885 2839 2971 Polyaeno

384 2990 772 3077 geometrica
815 2990 1061 3057 discere
1103 2990 1453 3061 maluisset.
1563 3051 1566 3053 Α

554 3094 776 3160 Tusc.
830 3094 908 3176 4,
965 3095 1035 3160 5:
1092 3118 1446 3182 numquam
1498 3095 1786 3177 profecto
1838 3092 2075 3160 sobolis
2129 3103 2345 3160 essent
2398 3091 2656 3159 excitati
2702 3143 2717 3160 .
2750 3140 2766 3159 .
2798 3143 2838 3175 .,

380 3198 509 3264 nisi
550 3198 620 3263 in
663 3197 1046 3286 quibusdam
1093 3198 1486 3285 principibus
1533 3248 1549 3262 .
1580 3248 1598 3267 .
1631 3246 1646 3263 .
1691 3196 1967 3263 fuissent
2010 3196 2225 3262 studia
2266 3196 2609 3264 doctrinae.

554 3300 613 3366 d.
672 3298 805 3367 off.
859 3301 930 3383 3,
990 3301 1142 3366 110:
1200 3302 1303 3369 cui
1345 3300 1471 3368 nisi
1513 3301 1656 3389 ipse
1700 3308 1923 3366 auctor
1961 3298 2207 3385 fuisset,
2270 3299 2511 3388 captivi
2534 3299 2832 3382 profecto

378 3403 615 3471 Poenis
658 3401 894 3470 redditi
936 3412 1167 3470 essent.

286 3580 293 3585 ,
552 3507 760 3573 Lael.
798 3507 906 3573 13·
939 3507 1112 3596 quod
1153 3531 1286 3576 non
1327 3507 1637 3575 fecissent
1651 3506 1955 3590 profecto,
1990 3504 2045 3572 si
2088 3504 2247 3620 1111111
2275 3505 2359 3572 ad
2381 3527 2492 3572 eos
2523 3504 2828 3594 pertinere

383 3611 857 3678 arbitrarentur.

555 3714 612 3780 d.
684 3714 834 3780 div.
905 3715 1154 3798 2,14.
1228 3715 1285 3781 si
1340 3716 1483 3803 quis
1554 3711 1648 3782 Μ.
1718 3714 2097 3784 Marcellum
2150 3714 2330 3783 illum
2398 3760 2418 3777 .
2447 3760 2466 3780 .
2497 3763 2516 3782 .
2572 3710 2841 3776 dixisset

386 3817 720 3905 naufragio
767 3840 910 3884 esse
953 3819 1323 3902 periturum,
1369 3819 1724 3886 divinasset
1758 3822 2056 3902 protecto.

557 3945 661 3987 or.
721 3922 883 3989 222·
939 3922 1065 3988 nisi
1120 3922 1458 3989 intervallo
1525 3922 1798 3989 dixisset
1859 3923 2024 4012 »ipsi
2087 3919 2429 4010 prodeant«
2446 3964 2464 4003 ‚
2532 3916 2843 3984 sensisset

375 4026 660 4107 profecto
705 4047 775 4091 se
817 4024 1061 4091 fudisse
1107 4025 1445 4091 senarium.

554 4127 613 4193 d.
657 4127 952 4195 invent.
1002 4129 1067 4213 1,
1096 4129 1165 4196 3.
1196 4128 1483 4211 profecto
1524 4151 1717 4195 nemo
1761 4127 1890 4193 nisi
1931 4127 2114 4215 gravi
2159 4135 2223 4193 et
2265 4125 2448 4195 suavi
2473 4088 2839 4192 commotus

390 4232 677 4299 oratione
723 4281 737 4297 .
771 4283 787 4299 .
821 4281 836 4298 .
884 4231 966 4297 ad
1008 4233 1109 4299 ius
1156 4232 1467 4299 voluisset
1511 4232 1651 4300 sine
1694 4231 1761 4296 vi
1805 4231 2204 4298 descendere.

550 4334 613 4401 V
628 4358 770 4403 err.
817 4335 889 4418 3,
937 4336 1048 4401 72.
1127 4336 1411 4421 profecto
1467 4336 1524 4402 si
1566 4334 1839 4418 pretium
1885 4333 2271 4423 exquisisses
2325 4330 2682 4421 diligenter,
2727 4381 2745 4400 .
2772 4379 2787 4396 .
2819 4379 2839 4395 .

380 4437 793 4505 addidissent.
