3142 5042
1362 204 1703 269 -14-

475 429 547 498 Si
614 429 755 518 quis
825 438 1178 495 ceterorum
1235 429 1651 496 comicorum'
1682 427 1814 494 vel·
1840 427 2225 514 tragicorum
2281 427 2637 514 fragmenta
2685 427 2759 491 in

301 533 425 600 hac
495 533 864 622 quaestione
933 533 1170 598 omissa
1236 555 1424 619 aegre
1491 532 1672 610 ferat,
1734 531 1896 598 haec
1961 531 2106 596 ideo
2164 530 2336 595 haud
2389 532 2480 596 ita
2544 530 2761 616 magni

299 637 608 703 momenti
680 646 859 718 sunt,
919 636 1118 723 quod
1143 659 1221 701 ex
1276 635 1732 701 sententiarum
1807 657 2053 699 conexu
2134 644 2467 721 excerptos
2553 656 2759 720 neque

307 740 642 806 continuos
710 761 937 805 versus
1011 741 1334 825 praebent.
1452 739 1531 804 Id
1606 737 1862 824 quidem
1929 739 2119 823 vulgo
2187 737 2594 825 perspicuum
2667 744 2765 801 est

301 842 534 909 horum
581 865 764 908 usum
808 866 936 907 non
984 864 1126 907 esse
1172 865 1336 921 eum,
1383 842 1493 929 qui
1539 841 1905 927 singillatim
1950 841 2034 905 sit
2064 839 2497 926 exponendae,
2530 837 2642 904 sed
2679 838 2779 903 ad·

301 946 666 1012 Plautinum
711 946 923 1032 potius
971 945 1546 1031 Terentianumque
1594 968 1662 1010 se
1708 944 2043 1034 applicare.

1492 1290 1581 1358 II.

730 1466 919 1563 DE
994 1466 1255 1566 USU
1336 1465 2333 1566 CICERONIANO.

476 1667 607 1749 Qui
651 1667 861 1733 adhuc
904 1668 983 1733 de
1014 1668 1300 1748 profecto
1343 1667 1692 1753 particulae
1734 1691 1856 1733 usu
1889 1667 2312 1734 Ciceroniano
2359 1667 2768 1732 instituerunt

306 1771 735 1860 quaestiones,
805 1769 941 1835 sive
1011 1770 1341 1836 occasione
1399 1769 1548 1834 data
1600 1769 1668 1834 in
1727 1769 2059 1836 Ciceronis
2115 1770 2298 1834 libris
2351 1769 2764 1835 emendandis

305 1875 409 1940 vel
451 1872 846 1939 illustrandis
894 1872 1029 1939 sive
1074 1873 1142 1937 in
1169 1872 1402 1939 libellis
1452 1873 1530 1938 de
1575 1873 1881 1959 peculiari
1924 1873 2379 1961 particularum
2422 1897 2543 1939 usu
2588 1896 2764 1938 com-

303 1977 564 2060 positis,
621 1976 703 2041 ad
758 2000 953 2041 unum
1011 1999 1231 2042 omnes
1286 1977 1355 2041 in
1411 1977 1692 2042 maximo
1739 1986 2029 2042 versatos
2097 1999 2240 2042 esse
2288 2000 2496 2042 errore
2543 1986 2766 2042 auctor

306 2090 406 2145 est
439 2079 512 2147 O.
534 2079 606 2145 F.
624 2079 729 2145 W.
756 2080 1067 2145 MUELLER
1099 2080 1167 2166 (l.
1212 2102 1266 2146 c.
1299 2105 1358 2167 p.
1397 2081 1520 2162 14),
1547 2081 1725 2145 cuius
1754 2080 2015 2145 arbitrio
2050 2080 2096 2144 ii
2143 2103 2415 2167 quoque,
2462 2080 2570 2167 qui
2613 2103 2764 2167 pro-

305 2183 477 2248 xime
521 2207 637 2271 pro
685 2192 825 2248 rata
868 2193 1050 2274 parte
1108 2183 1368 2271 copiose
1426 2191 1488 2247 et
1536 2183 1877 2265 diligenter
1924 2186 2057 2248 eius
2102 2183 2469 2268 particulae,
2517 2183 2595 2247 de
2642 2206 2767 2268 qua

305 2287 724 2375 disputamus,
770 2296 1068 2351 naturam
1110 2286 1517 2372 indolemque
1576 2286 2029 2369 disseruerunt,
2078 2311 2117 2352 a
2159 2308 2308 2352 vero
2342 2294 2491 2352 sunt
2525 2286 2763 2353 aversi:

303 2392 544 2472 ANTON,
614 2388 882 2457 Studien
947 2414 1060 2454 zur
1130 2389 1238 2454 lat.
1317 2388 1605 2455 Gramm.
1681 2390 1811 2455 und
1885 2389 2161 2457 Stilistik
2181 2442 2196 2472 ,
2275 2389 2499 2455 Erfurt
2580 2389 2761 2453 1873.

304 2493 379 2558 II
441 2517 507 2580 p.
574 2494 646 2575 6,
715 2492 814 2574 12,
886 2491 967 2556 14
1022 2501 1086 2558 et
1137 2490 1458 2576 Wmnnirr,
1525 2493 1627 2558 die
1681 2492 2055 2558 lateinische
2112 2482 2428 2575 Stillehre,
2484 2492 2765 2578 Konigs-

305 2598 463 2681 berg
511 2596 674 2660 1856
720 2619 778 2682 p.
825 2596 928 2660 36.
1312 2594 1317 2597 ’

473 2698 618 2764 Etsi
637 2721 770 2765 non
796 2708 895 2764 est
918 2698 1203 2782 dubium,
1228 2700 1380 2787 quin
1402 2699 1714 2766 Momm
1741 2701 1810 2766 id
1840 2700 2138 2766 universe
2167 2710 2342 2766 recte
2376 2698 2770 2782 iudicaverit,

306 2812 520 2867 tamen
579 2824 661 2867 ne
716 2802 1109 2868 Wmnmmm
1163 2802 1420 2890 quidem
1469 2804 1623 2889 quid
1690 2804 1929 2870 vidisse
1995 2828 2126 2870 non
2167 2804 2252 2870 .ei
2320 2802 2768 2884 concesserim,

308 2928 453 2972 cum
505 2903 613 2970 hic
663 2904 807 2971 loco
862 2906 1142 2993 quodam
1186 2929 1225 2971 a
1267 2907 1626 2990 MunLLnRO,
1681 2916 1753 2972 ut
1793 2907 2061 2987 videtur,
2122 2908 2360 2973 omisso
2411 2905 2772 2992 (Nachtrag

305 3031 365 3094 p.
421 3007 579 3093 391)
622 3007 940 3093 'proxime
1009 3008 1092 3073 ad
1149 3032 1372 3076 verum
1439 3009 1747 3077 accedere
1799 3011 2121 3092 videatur,
2188 3021 2259 3076 ut
2308 3010 2449 3075 iure
2520 3009 2769 3074 mireris

309 3111 632 3199 prioribus
697 3110 858 3178 locis
927 3133 1073 3191 eum
1137 3136 1178 3178 a
1240 3114 1508 3179 veritate
1578 3137 1842 3201 prorsus
1923 3114 2253 3196 delapsum
2322 3135 2486 3180 esse.
2589 3109 2768 3192 Quas

310 3214 566 3302 quidem
644 3214 971 3281 constituit
1037 3215 1213 3302 leges
1268 3217 1672 3283 divinatione
1742 3218 1947 3303 magis
2011 3240 2201 3303 quam
2255 3216 2504 3281 ratione
2548 3236 2767 3301 reper-

311 3328 429 3397 taS,
487 3317 786 3383 eximiam
856 3318 1172 3384 sermonis
1237 3319 1454 3384 Latini
1527 3320 1861 3386 scientiam
1936 3319 2295 3386 ostendunt.
2395 3317 2773 3385 Ceterorum

309 3429 652 3508 praecepta
707 3440 1210 3488 commemorare
1267 3422 1656 3509 supersedeo
1721 3423 2000 3510 itemque
2084 3424 2319 3504 HANDI,
2396 3445 2540 3489 cum
2612 3422 2768 3487 haec

313 3524 530 3590 omnia
571 3546 800 3611 parum
842 3524 926 3589 ad
968 3533 1257 3591 nostram
1302 3525 1918 3612 argumentationem
1960 3527 2335 3614 pertineant.

482 3626 574 3694 Ut
626 3626 920 3694 facillime
979 3627 1410 3716 explanemuS‚
1468 3639 1858 3717 quantopere
1912 3630 2277 3715 »profecto«
2333 3628 2676 3694 abhorreat
2729 3651 2769 3692 a

313 3730 539 3797 ceteris
593 3730 956 3796 affirmandi
998 3731 1341 3816 particuliS‚
1388 3732 1882 3812 consideremus,
1931 3734 1986 3798 si
2029 3734 2254 3822 placet,
2297 3732 2589 3819 primum,
2615 3729 2768 3818 quid

310 3833 534 3899 talium
596 3826 972 3900 vocularum
1034 3844 1300 3900 naturae
1366 3835 1643 3902 maxime
1700 3837 1785 3902 sit
1835 3837 2164 3924 proprium
2221 3845 2283 3901 et
2336 3835 2444 3922 qui
2487 3856 2642 3900 usus
2686 3833 2766 3898 iis

314 3944 797 4016 consentaneus,
831 3937 1078 4017 deinde,
1124 3961 1287 4025 quae
1330 3938 1495 4004 ratio
1527 3939 1696 4004 inter
1728 3939 2012 4021 profecto
2043 3948 2105 4004 et
2132 3947 2376 4004 ceteras
2400 3937 2769 4004 intercedat.

485 4040 588 4106 Ac
652 4040 930 4128 primum
992 4040 1252 4129 quidem
1317 4043 1747 4109 asseverantis
1816 4051 1928 4121 est,
1996 4065 2159 4129 quae
2207 4040 2352 4128 ipse
2406 4041 2608 4128 gessit
2666 4040 2770 4105 vel

312 4142 476 4209 vidit
517 4143 626 4210 vel
668 4142 927 4223 audivit,
973 4144 1346 4233 praesertim
1397 4146 1453 4210 si
1496 4147 1578 4210 ab
1624 4146 1766 4211 aliis
1821 4146 1888 4210 in
1946 4145 2449 4211 controversiam
2496 4144 2771 4210 adducta

282 4255 478 4325 sunt,
545 4268 716 4325 vera,
779 4269 910 4313 non
976 4247 1278 4335 ambigua
1347 4249 1725 4334 significare,
1791 4272 1917 4336 qua
1984 4271 2063 4313 ex
2117 4251 2187 4313 re
2242 4248 2528 4328 efficitur,
2583 4258 2653 4312 ut
2709 4257 2771 4311 et

306 4349 657 4437 praeterita
695 4358 986 4439 tempora
1014 4352 1292 4419 maxime
1323 4350 1450 4416 sint
1478 4351 1726 4430 idonea,
1774 4352 2002 4438 quibus
2050 4351 2364 4417 addantur
2407 4349 2771 4415 affirmandi

316 4453 683 4545 particulae,
729 4463 792 4521 et
837 4478 913 4521 ex
957 4454 1251 4545 personis
1293 4454 1637 4543 praecipue
1680 4455 1890 4545 prima
1934 4465 1994 4524 et
2035 4455 2240 4554 tertia.
2316 4453 2530 4536 Quam
2571 4454 2769 4520 inter-
