3142 5042
1445 226 1786 291 ..23-

563 447 743 513 Tim.
788 448 855 512 6:
906 449 1083 535 atqui
1128 448 1184 515 si
1226 449 1489 537 pulcher
1533 458 1633 516 est
1685 448 1791 516 hic
1833 448 2109 515 mundus
2166 457 2230 514 et
2285 448 2342 514 si
2396 451 2636 536 probus
2705 449 2843 516 eius

393 551 640 634 artifex,
695 551 979 637 profecto
1035 553 1315 642 speciem
1358 551 1751 619 aeternitatis
1794 551 2032 618 imitari
2075 552 2316 619 maluit.

560 654 838 720 Parad.
888 656 955 737 1,
1006 658 1116 729 15:
1164 656 1339 743 atqui
1385 657 1442 722 si
1484 657 1820 744 voluptas.
1848 708 1865 725 .
1898 705 1914 721 .
1960 655 2029 721 in
2071 657 2265 722 rebus
2311 655 2499 721 bonis
2542 654 2843 723 habenda

390 780 516 822 non
571 767 688 841 est,
731 759 1016 843 profecto
1058 759 1220 825 nihil
1265 769 1364 826 est
1407 758 1582 825 aliud
1626 761 1791 825 bene
1834 766 1896 825 et
1939 759 2127 825 beate
2158 759 2376 824 vivere
2418 759 2544 825 nisi
2572 757 2841 826 honeste

392 868 457 924 et
497 869 668 926 recte
712 862 950 927 vivere.

561 964 652 1029 de
722 966 1013 1032 invent.
1074 966 1142 1048 1,
1210 966 1324 1033 69:
1381 961 1614 1052 quodsi
1674 965 1849 1053 leges
1917 988 2139 1032 omnes
2206 964 2290 1032 ad
2353 965 2691 1031 utilitatem
2751 965 2849 1030 rei

346 1092 348 1094 ’
388 1067 682 1154 publicae
723 1068 946 1134 referri
990 1070 1304 1148 convenit,
1340 1069 1445 1135 hic
1488 1079 1703 1135 autem
1746 1069 1936 1136 saluti
1967 1069 2355 1159 reipublicae
2389 1067 2528 1151 fuit,
2562 1068 2846 1154 profecto

388 1194 517 1236 non
572 1180 786 1259 potest
840 1171 1066 1238 eodem
1119 1171 1289 1239 facto
1365 1182 1428 1239 et
1493 1173 1937 1240 communibus
1992 1172 2265 1238 fortunis
2332 1171 2723 1238 consuluisse
2781 1183 2845 1236 et

387 1273 635 1359 legibus
680 1298 811 1341 non
855 1275 1352 1363 obtemperasse.

559 1375 781 1443 Tusc.
826 1378 897 1460 3,
949 1378 1057 1444 14:
1105 1379 1236 1462 Qui
1277 1379 1461 1446 fortis
1508 1390 1626 1462 est,
1669 1379 1842 1446 idem
1887 1389 1986 1445 est
2026 1377 2249 1445 fidens.
2329 1378 2461 1459 Qui
2501 1385 2714 1446 autem
2746 1386 2845 1444 est

389 1478 612 1559 fidens,
655 1481 713 1546 is
747 1481 1032 1567 profecto
1086 1507 1218 1550 non
1262 1484 1635 1549 extimescit.

563 1582 654 1650 de
699 1582 845 1649 div.
895 1587 951 1669 1,
1000 1585 1161 1667 1143
1227 1585 1448 1652 Tusc.
1493 1585 1562 1664 5,
1613 1585 1753 1651 116.

1319 1690 1378 1753 2.
1434 1711 1582 1754 cum
1624 1688 1928 1777 perfecto.

557 1788 733 1857 Huic
806 1790 886 1858 de
963 1792 1352 1879 syllogismis
1433 1791 1794 1880 quaestioni
1866 1792 2294 1879 adiunguntur
2366 1791 2840 1858 condicionales

389 1892 885 1975 enuntiationes,
943 1918 1210 1982 quarum
1264 1896 1334 1962 in
1397 1895 1701 1985 apodosi,
1758 1895 1825 1963 in
1881 1894 2293 1984 praeteritum
2356 1903 2607 1982 tempus
2662 1918 2840 1961 rece·

389 1994 595 2079 dente,
639 1999 985 2083 »profecto«
1029 1998 1382 2065 adhibetur.

562 2099 784 2167 Caec.
828 2101 942 2167 48:
1003 2099 1075 2169 Si
1134 2101 1305 2167 enim
1358 2100 1426 2166 id
1457 2151 1470 2165 .
1502 2151 1552 2167 ..
1610 2101 1781 2167 nullo
1843 2100 2037 2167 modo
2092 2101 2326 2188 potuit,
2387 2101 2488 2167 vis
2554 2102 2839 2188 profecto

386 2203 702 2289 quaedam
745 2205 1080 2288 obstiterit,
1124 2226 1389 2271 necesse
1434 2213 1546 2270 est.

559 2305 766 2373 Cael.
813 2308 925 2373 53:
974 2309 1030 2374 si
1072 2317 1206 2374 tam
1248 2307 1581 2373 familiaris
1627 2315 1766 2372 erat
1798 2305 2082 2387 Clodiae,
2113 2330 2302 2395 quam
2334 2315 2405 2372 tu
2430 2330 2572 2374 esse
2602 2307 2700 2374 vis
2731 2357 2745 2371 .
2771 2354 2785 2371 .
2817 2354 2832 2370 .

389 2409 550 2475 dixit
581 2417 882 2496 prosecw,
938 2435 1063 2499 quo
1109 2410 1302 2478 vellet
1345 2434 1589 2477 aurum.

558 2538 659 2579 or.
713 2515 817 2579 19:
865 2514 1096 2602 quodsi
1127 2515 1235 2581 ille
1263 2537 1384 2581 nec
1429 2537 1499 2580 se
1536 2537 1655 2579 neo
1682 2514 1754 2580 L.
1800 2511 2111 2581 Crassum
2145 2513 2544 2599 eloquentem
2573 2511 2832 2601 putavit,

386 2616 610 2683 habuit
632 2619 917 2703 profecto
957 2617 1488 2706 comprehensam
1516 2617 1731 2683 animo
1766 2614 2089 2705 quandam
2116 2616 2390 2682 formam
2421 2615 2836 2704 eloquentiae.

558 2722 848 2787 consol.
896 2723 972 2787 11
1021 2721 1360 2808 (Mumm
1401 2745 1465 2808 p.
1510 2720 1703 2806 335):
1739 2718 1990 2801 Quodsi
2025 2718 2222 2785 ullum
2265 2742 2570 2806 umquam
2599 2718 2839 2784 animal

386 2822 883 2890 consectandum
922 2824 1057 2905 fuit,
1100 2824 1257 2890 iUud
1289 2823 1574 2910 profecto
1615 2823 1647 2889 f
1652 2823 1760 2893 uit.
2845 2832 2849 2838 '

1348 2928 1408 2996 3.
1462 2951 1609 2994 cum
1648 2928 1877 2993 futuro.

558 3027 808 3110 Quodsi
834 3054 1055 3098 eorum
1079 3016 1306 3118 viginti
1325 3034 1617 3097 locorum
1644 3040 1888 3109 natura,
1918 3032 2029 3118 qui
2072 3028 2400 3118 »profecto
2417 3056 2444 3086 «
2468 3027 2537 3094 in
2566 3027 2841 3116 apodosi

385 3132 648 3198 realium
672 3133 1118 3201 condicionum
1148 3157 1295 3200 cum
1325 3143 1663 3223 praesente
1685 3143 1750 3200 et
1777 3135 2059 3224 perfecto
2091 3132 2495 3200 coniunctum
2517 3131 2838 3216 exhibent,

386 3235 799 3320 demonstrat,
852 3261 1043 3325 quam
1105 3261 1235 3303 non
1302 3237 1384 3303 sit
1427 3232 1851 3305 asseverantis
1882 3236 2069 3302 illud:
2146 3235 2255 3324 qui
2314 3245 2662 3322 sequuntur
2704 3235 2832 3302 loci

386 3338 805 3426 quadraginta
832 3340 1031 3407 multo
1076 3338 1329 3427 planius
1377 3362 1597 3406 veram
1632 3341 2070 3427 sinceramque
2123 3339 2475 3429 particulae
2507 3337 2827 3407 notionem

386 3442 702 3529 eperiunt,
777 3466 922 3511 cum
986 3443 1092 3509 hic
1158 3443 1475 3529 »profecto
1491 3471 1518 3500 ‹<
1587 3441 1859 3508 addatur
1921 3442 2132 3509 futuro
2147 3493 2163 3525 ,
2239 3442 2440 3529 quod,
2512 3452 2584 3508 ut
2642 3465 2830 3532 supra

387 3546 829 3634 exposuimus,
916 3546 1194 3612 maxime
1271 3556 1369 3611 est
1433 3545 1767 3634 proprium
1829 3545 2016 3611 huius
2077 3545 2426 3633 particulae
2480 3547 2839 3635 potestatis.

555 3647 780 3714 Affero
827 3672 1066 3725 omnes,
1111 3650 1220 3738 qui
1262 3649 1389 3715 huc
1431 3648 1767 3737 pertinent,
1819 3649 2027 3716 locos:

559 3751 611 3818 d.
660 3776 755 3818 or.
805 3756 870 3832 1,
920 3754 1069 3818 150:
1123 3776 1276 3819 nam
1321 3753 1379 3818 si
1423 3752 1701 3818 subitam
1744 3761 1808 3818 et
1857 3753 2185 3819 fortuitam
2242 3752 2597 3819 orationem
2664 3775 2839 3819 com-

385 3855 691 3921 mentatio
729 3905 743 3920 .
779 3905 793 3922 .
826 3902 843 3922 .
885 3855 1073 3923 facile
1116 3856 1339 3936 vincit,
1383 3856 1550 3923 hanc
1591 3856 1800 3944 ipsam
1834 3858 2117 3944 profecto
2160 3855 2422 3922 assidua
2454 3878 2532 3922 ac
2567 3855 2837 3942 diligens

387 3958 700 4044 scriptura
745 3960 1088 4047 superabit.

558 4061 617 4127 d.
666 4086 766 4128 or.
812 4064 885 4144 2,
932 4062 1084 4128 176:
1132 4063 1187 4128 si
1217 4085 1373 4129 vero
1405 4071 1796 4149 assequetur,
1829 4072 1901 4127 ut
1930 4062 2177 4128 animos
2210 4085 2431 4128 eorum
2469 4063 2560 4128 ita
2584 4061 2839 4141 afficiat,

387 4165 556 4252 apud
600 4188 762 4252 quos
808 4175 954 4252 aget
986 4218 998 4232 .
1032 4216 1046 4230 .
1080 4217 1114 4247 .,
1157 4166 1313 4232 nihil
1347 4166 1632 4252 profecto
1678 4172 2009 4254 praeterea
2049 4165 2131 4231 ad
2162 4165 2503 4233 dicendum
2536 4166 2836 4253 requiret.

557 4269 618 4338 d.
666 4293 766 4335 or.
802 4269 834 4332 1
852 4319 869 4352 ,
897 4269 1007 4334 67:
1044 4269 1144 4335 sin
1172 4292 1337 4357 quae
1367 4293 1471 4336 res
1492 4268 1790 4336 inciderit
1812 4318 1829 4336 .
1856 4317 1871 4333 .
1892 4317 1930 4347 .,
1958 4269 2084 4335 hoc
2095 4269 2379 4355 profecto
2415 4270 2749 4347 efficiet‚ut
2778 4319 2792 4332 .
2818 4317 2834 4335 .

557 4371 617 4438 d.
665 4396 770 4439 or.
815 4374 884 4453 2,
929 4372 1085 4440 361:
1144 4372 1258 4439 sed
1310 4372 1469 4438 mihi
1519 4372 1863 4459 ignoscetis
1909 4373 2222 4459 profecto,
2278 4374 2335 4440 si
2390 4372 2616 4455 mod0,
2675 4394 2835 4460 quae

387 4497 582 4543 causa
623 4499 727 4543 me
757 4526 774 4544 .
805 4530 819 4546 .
844 4527 858 4542 .
901 4477 1243 4564 impulerit,
1288 4476 1680 4563 acceperitis
