3142 5042
1456 234 1800 300 —13—

696 454 884 522 Eun.
905 455 1062 523 649:
1107 458 1384 526 nescio
1427 460 1614 548 quid
1637 459 1926 542 profecto
1957 446 2222 527 absente
2240 459 2430 526 nobis
2452 459 2858 544 turbatumst,

388 557 695 625 wahrend
736 560 982 626 meiner
1013 563 1473 630 Abwesenheit
1499 586 1759 630 »muss«
1800 562 1941 629 hier
1984 571 2178 630 etwas
2221 563 2290 628 in
2319 562 2722 651 Unordnung
2749 587 2857 650 ge-

386 661 614 727 bracht
670 663 930 729 worden
976 665 1131 731 sein.

695 763 972 833 Heaut.
1008 769 1169 835 236:
1202 769 1457 853 faciam,
1474 770 1588 836 sed
1613 770 1891 837 nescio
1924 770 2401 887 quidprofeclo
2424 770 2582 837 mihi
2605 770 2855 837 animus

591 870 916 987 p1aesagit
967 873 1123 938 mali
1168 911 1250 922 -
1295 873 1401 940 ich
1459 874 1652 957 thu’,s
1699 873 1865 940 doch
1909 873 2011 939 ein
2043 872 2365 1011 *Ungluck
2417 872 2679 959 giebt's,
2735 873 2852 938 das

584 972 739 1039 ahnt
780 974 923 1039 mir.

563 1073 745 1157 Quae
789 1076 1027 1145 locutio
1084 1079 1624 1165 quemadmodum
1681 1080 1767 1146 sit
1819 1078 2278 1166 intellegenda,
2326 1078 2666 1145 confestim
2706 1102 2854 1167 per-

395 1177 759 1264 spiciemus,
807 1202 950 1246 cum
996 1178 1614 1250 consideraverimus
1648 1206 1780 1249 non
1826 1182 1908 1248 ad
1937 1183 2208 1249 verbum
2243 1181 2552 1248 enuntiati
2580 1181 2855 1247 referen-

392 1279 540 1346 dum
598 1283 890 1364 profecto
957 1307 1119 1367 esse,
1194 1286 1308 1352 sed
1376 1287 1592 1376 potius
1676 1286 1761 1352 ad
1823 1285 2079 1352 »nescio
2148 1284 2355 1371 quid«,
2425 1306 2699 1373 quocum
2765 1284 2855 1349 ita

387 1383 706 1468 cohaeret,
760 1395 830 1452 ut
871 1396 1003 1453 tres
1054 1388 1203 1455 illae
1251 1412 1446 1456 voces
1501 1414 1698 1456 unam
1739 1379 1926 1479 quasi
1965 1387 2293 1454 notionem
2337 1387 2853 1475 complectantur.

557 1507 653 1573 At
696 1507 1119 1576 exclamativa
1165 1509 1545 1596 significatio
1590 1532 1805 1577 nonne
1850 1508 2327 1596 simplicissima
2367 1508 2617 1574 ratione
2649 1508 2855 1596 accipi

384 1609 643 1724 potest?
687 1610 976 1694 Minime,
1023 1611 1197 1698 quod
1239 1612 1537 1700 equidem
1581 1613 1965 1728 intellegam,
2010 1635 2162 1677 nam
2209 1611 2566 1678 cavendum
2611 1618 2729 1693 est,
2771 1633 2854 1676 ne

385 1710 453 1776 in
483 1711 698 1778 media
728 1724 791 1779 et
821 1716 1140 1801 aequabili
1172 1716 1459 1783 oratione
1504 1716 1716 1782 subito
1763 1716 1901 1781 sine
1944 1714 2075 1779 ulla
2129 1714 2362 1780 idonea
2409 1736 2606 1781 causa
2659 1713 2854 1779 talem

388 1814 917 1885 exclamationem
962 1826 1226 1902 statuaS,
1274 1841 1437 1905 quae
1480 1819 1549 1884 in
1581 1826 1971 1906 exaggerata
2015 1817 2561 1920 repugnantiaque
2590 1816 2853 1883 alterius

387 1916 649 1984 incitata
695 1921 983 1988 oratione
1026 1946 1157 1988 non
1203 1932 1301 1988 est
1345 1922 1572 1989 alinea.

558 2040 846 2107 Tertium
874 2042 1108 2126 locum,
1133 2044 1241 2132 qui
1267 2043 1494 2110 eodem
1523 2043 1717 2109 modo
1747 2051 2035 2109 nostram
2066 2041 2447 2130 particulam
2477 2048 2848 2129 usurpatam

388 2141 666 2226 exhibet,
714 2153 1086 2233 corruptum
1117 2169 1261 2213 esse
1294 2155 1582 2236 apparet,
1621 2147 1939 2234 siquidem
1968 2147 2312 2212 verborum
2334 2144 2480 2232 ipsa
2511 2142 2849 2210 collocatio

386 2253 752 2331 suspectum
806 2271 949 2316 eum
993 2249 1217 2317 reddit
1303 2251 1668 2317 Traduntur
1714 2249 1885 2317 enim
1926 2249 2111 2315 Hec.
2156 2249 2195 2313 3
2216 2248 2335 2313 19:
2376 2245 2632 2314 »nescio
2680 2245 2852 2333 quod

385 2370 688 2434 magnum
769 2352 1010 2418 malum
1049 2353 1377 2434 profecw,
1431 2353 1785 2435 Parmeno,
1849 2376 1955 2418 me
2021 2351 2253 2433 celas«,
2326 2350 2439 2416 ubi
2502 2348 2852 2416 rectissime

386 2449 815 2518 UMPFENBAGH
858 2455 1189 2543 »profecto
1208 2485 1234 2513 «
1265 2457 1464 2539 delet3
1495 2481 1649 2523 num
1675 2479 1828 2523 vero
1860 2455 2100 2543 pariter
2129 2463 2303 2521 recte
2332 2453 2401 2519 in
2431 2463 2853 2540 »prospecto«

393 2555 753 2638 mutaverit,
799 2580 1132 2625 assensum
1179 2559 1477 2627 cohibere
1521 2560 1713 2626 malo.

560 2695 598 2772 ἓ
641 2692 701 2758 4.
790 2692 1110 2775 Quoniam
1155 2698 1237 2761 ad
1277 2696 1448 2762 hunc
1474 2696 1690 2764 locum
1716 2695 2149 2784 pervenimuS,
2195 2717 2231 2761 e
2274 2716 2343 2759 re
2383 2693 2637 2760 videtur
2682 2712 2847 2774 esse,

390 2813 554 2877 quae
634 2796 845 2881 prima
915 2798 1110 2864 totius
1188 2800 1639 2887 disputationis
1710 2807 1893 2887 parte
1935 2799 2214 2886 probare
2282 2796 2659 2879 studuimus,
2728 2797 2848 2861 sub

385 2918 581 2962 unum
625 2898 1002 2988 adspectum
1047 2901 1337 2969 subicere
1382 2912 1447 2970 et
1490 2903 1859 2970 summatim
1901 2923 2067 2990 quae
2105 2900 2271 2967 ratio
2299 2899 2655 2967 intercedat
2683 2900 2851 2965 inter

382 3000 705 3086 »profecto
720 3030 750 3064 «
791 3012 856 3070 et
899 3015 1111 3073 »certe
1127 3031 1155 3065 «
1201 3015 1265 3073 et
1305 3016 1519 3074 >certo
1533 3033 1560 3066 «
1605 3006 1960 3095 complecti.

556 3124 1047 3212 Antiquissimis
1091 3127 1448 3194 litterarum
1490 3127 1886 3215 temporibus
1935 3124 2223 3208 profecto
2276 3121 2658 3210 particulam
2714 3122 2851 3188 eius

385 3222 868 3308 significationis
911 3230 1114 3297 fuisse
1172 3240 1440 3310 constat,
1487 3253 1652 3318 quae
1698 3228 2123 3318 etymologiae
2166 3226 2522 3293 rationibus
2569 3225 2850 3291 sancitur

383 3326 554 3391 iusta
597 3337 788 3415 atque
834 3332 1147 3419 legitima3
1193 3344 1439 3400 ceteras
1485 3356 1640 3399 vero
1687 3332 2051 3398 affirmandi
2095 3329 2444 3419 particulas
2489 3356 2516 3389 »
2530 3338 2742 3395 certe<
2787 3339 2851 3394 et

379 3440 636 3496 »certo«
698 3432 791 3497 ita
854 3435 1021 3501 inter
1083 3459 1152 3502 se
1216 3437 1491 3520 differre,
1558 3446 1630 3501 ut
1692 3434 1850 3501 illud
1913 3435 2285 3516 subiective,
2348 3432 2475 3499 hoc
2532 3432 2850 3499 obiective

382 3531 676 3617 affirmet,
736 3547 964 3604 auctor
1019 3547 1116 3604 est
1180 3539 1253 3606 P.
1309 3541 1596 3608 LANGEN.
1703 3539 1797 3605 At
1879 3538 2011 3603 iam
2076 3536 2248 3625 apud
2319 3534 2570 3624 priscos
2643 3535 2850 3623 scrip-

379 3643 552 3702 tores
599 3647 776 3705 certa
820 3641 1135 3728 quaedam
1178 3644 1553 3710 recentioris
1609 3663 1787 3724 usus,
1846 3665 1973 3729 quo
2008 3639 2297 3722 profecto
2342 3659 2546 3725 paene
2593 3660 2849 3704 omnem

385 3730 744 3809 affirmandi
777 3744 906 3809 vim
953 3745 1145 3829 exuit,
1178 3746 1452 3833 vestigia
1493 3745 1836 3833 indagasse
1867 3743 2180 3824 videmur,
2226 3763 2391 3829 quae
2426 3763 2552 3826 quo
2595 3740 2846 3831 longius

386 3845 844 3930 progredimur,
905 3870 981 3914 eo
1041 3849 1275 3916 certius
1332 3857 1662 3937 apparent,
1718 3846 1893 3935 apud
1944 3846 2244 3913 Plautum
2302 3843 2560 3931 quidem
2616 3844 2846 3926 rariuS,

388 3946 642 4032 saepius
685 3950 858 4038 apud
902 3951 1287 4019 Terentium.

555 4064 703 4147 Qua
741 4094 811 4137 re
853 4072 1088 4138 mirum
1129 4072 1198 4139 in
1240 4073 1504 4139 modum
1546 4094 1652 4138 res
1699 4077 2186 4151 commutantur,
2216 4077 2531 4157 quatenus
2549 4067 2838 4149 profecto

376 4166 687 4253 primaria
752 4175 820 4242 vi
881 4177 1174 4263 neglecta
1239 4181 1398 4243 certe
1462 4174 1814 4263 particulae
1868 4181 2084 4262 partes
2145 4172 2401 4260 excipit,
2462 4174 2617 4235 certe
2670 4170 2842 4236 illius

375 4271 518 4338 vice
581 4273 884 4363 fungitur,
945 4284 1107 4345 certo
1176 4278 1253 4346 de
1319 4278 1524 4366 gradu
1590 4278 1905 4345 deiectum
1972 4275 2206 4342 desinit
2271 4272 2634 4340 affirmandi
2699 4295 2845 4340 esse

375 4377 687 4461 particula
743 4389 826 4464 et,
885 4405 1030 4449 cum
1084 4381 1394 4471 peculiari
1447 4381 1560 4448 illa
1617 4386 1775 4448 certe
1816 4379 2168 4469 particulae
2213 4375 2679 4465 significatione
2724 4376 2844 4444 ad-

378 4481 671 4549 verbium
704 4484 1016 4552 adiectivi
1058 4493 1354 4553 »certus«
1399 4484 1814 4567 desideretur,
1858 4482 2047 4549 huius
2092 4482 2310 4550 munia
2354 4478 2549 4546 subit.
