3142 5042
1405 227 1748 297 -55—

521 456 838 525 Hadriani
886 458 1148 546 eiusque
1194 450 1642 524 successorum
1686 465 1893 524 aetate
1936 455 2242 543 gliscente
2299 459 2609 546 paulatim
2663 478 2808 549 par-

350 564 581 630 ticulae
609 586 731 628 usu
753 584 925 629 nova
939 569 1126 649 atque
1143 560 1436 627 claralux
1451 561 1510 626 ei
1532 560 1772 626 affulsit
1798 559 2252 645 FrontoniS,
2270 563 2326 629 G
2344 563 2501 645 elli,
2521 564 2811 653 Apulei

349 691 565 758 opera,
611 666 718 752 qui
766 665 1026 753 quidem
1067 664 1392 730 veteribus
1439 663 1520 729 ad
1563 663 1941 728 imitandum
1972 665 2321 752 propositis
2367 689 2508 733 cum
2546 667 2810 735 Cicero-

347 773 610 839 nianum
667 778 801 834 tum
848 768 1277 853 antiquiorem
1335 789 1522 832 usum
1566 766 1869 850 referunt,
1916 790 2064 855 quo,
2109 775 2181 832 ut
2211 767 2810 854 demonstravimuS,

356 875 548 941 etiam
605 873 1031 939 exclamativa
1102 880 1448 960 usurpatur
1532 870 1846 959 particula
1904 870 2188 955 profecto
2258 871 2549 940 similiter
2620 884 2811 963 atque

356 978 686 1059 »hercule«,
731 999 856 1042 non
900 985 1154 1041 »certe«.

525 1082 626 1147 Ex
668 1080 769 1146 his
836 1080 1041 1145 tribus
1097 1079 1379 1144 maxime
1445 1077 1530 1143 ad
1594 1085 1844 1144 veteres
1906 1100 1978 1144 se
2036 1079 2317 1167 applicat
2368 1078 2632 1163 Fronte,
2701 1082 2809 1168 qui

359 1185 613 1274 saepius
669 1185 898 1250 ceteris
945 1183 1236 1265 profecto
1281 1181 1363 1247 ad
1437 1180 1924 1247 exclamandum
1979 1183 2084 1248 vel
2142 1183 2645 1250 confirmandum
2692 1183 2808 1248 ad-

348 1289 526 1355 hibet
581 1288 784 1374 (circa
828 1287 1093 1371 decies),
1154 1308 1300 1352 cum
1344 1284 1660 1372 Apuleius
1725 1308 1856 1351 non
1911 1285 2039 1350 nisi
2093 1286 2373 1374 quinque
2429 1286 2589 1353 locis
2637 1286 2809 1353 hunc

347 1415 535 1459 usum
580 1390 877 1456 admittat
920 1398 982 1455 et
1027 1389 1285 1454 omnino
1342 1387 1732 1476 optimorum
1777 1386 2159 1475 scriptorum
2220 1390 2661 1456 auctoritatem
2706 1412 2807 1456 se-

345 1504 596 1582 quatur.
683 1494 776 1560 Ut
821 1515 1016 1580 supra
1046 1493 1459 1559 observatum
1490 1489 1786 1557 ordinem
1811 1491 2217 1575 retineamus,
2262 1493 2331 1558 in
2360 1492 2808 1560 condicionum

349 1597 766 1686 apodosi·est
795 1598 1084 1682 profecto
1125 1595 1227 1661 his
1270 1595 1463 1662 locis:

518 1700 818 1766 Fronto
868 1700 1011 1786 (ed.
1042 1702 1105 1767 N
1117 1700 1210 1766 ab
1227 1700 1359 1785 er.)
1396 1723 1456 1787 p.
1504 1701 1575 1765 9:
1609 1722 1739 1766 non
1771 1700 1941 1766 enim
1968 1699 2076 1766 ille
2109 1701 2227 1785 (sc.
2260 1699 2511 1783 Ulixes)
2518 1700 2808 1785 profecto

347 1807 592 1889 εἰκοστῷ
661 1805 915 1871 demum
985 1802 1102 1868 ἔτει
1156 1804 1442 1870 venisset
1495 1805 1576 1871 εἰς
1650 1805 1899 1890 πατρίδα
1956 1805 2299 1887 ⁸1aiotv‘nisi
2354 1805 2573 1888 γλυκὺς
2630 1805 2805 1873 ὕπνος

350 1910 618 1994 ἐπήλυθε
661 1913 992 1993 κεκμηῶῖα.

518 2012 634 2079 Fr.
700 2036 764 2100 p.
837 2015 946 2079 11:
1023 2012 1157 2080 Sed
1209 2012 1501 2094 profecto
1565 2011 1695 2077 nisi
1761 2034 1842 2078 ex
1907 2034 2134 2079 somno
2202 2012 2544 2079 suscitatus
2613 2023 2804 2095 esset,

352 2140 698 2207 numquam
745 2117 1062 2183 somnium
1108 2139 1293 2182 suum
1336 2126 1691 2183 narrasset.

518 2218 631 2287 Fr.
676 2244 739 2308 p.
786 2222 899 2286 28:
949 2220 1006 2288 Ο
1054 2221 1109 2287 si
1155 2220 1451 2287 dominus
1496 2242 1677 2286 meus
1740 2219 1897 2285 satis
1940 2218 2189 2285 laudari
2232 2229 2471 2308 posset,
2518 2219 2805 2304 profecto

345 2348 385 2391 a
427 2333 490 2391 te
535 2325 691 2391 satis
738 2325 1032 2391 laudatus
1078 2333 1264 2390 esset.

515 2428 618 2493 Fr.
663 2453 725 2517 p.
774 2430 887 2511 533
940 2429 1092 2510 1773
1140 2428 1304 2510 2023
1352 2428 1499 2493 226.

521 2531 748 2617 Apul.
809 2541 981 2599 met.
1039 2532 1104 2611 5,
1162 2532 1275 2600 22,
1332 2554 1460 2618 quo
1495 2530 1787 2613 profecto
1854 2529 2132 2615 fecisset,
2189 2529 2316 2597 nisi
2371 2530 2610 2598 ferrum
2657 2583 2674 2602 .
2721 2581 2738 2602 .
2785 2583 2803 2602 .

348 2633 643 2699 manibus
689 2635 1040 2700 temerariis
1087 2635 1420 2723 delapsum
1466 2634 1809 2700 evolasset.

517 2740 745 2827 Apul.
778 2738 839 2804 (1.
871 2738 1126 2825 magia
1171 2738 1280 2803 16:
1328 2737 1541 2819 Quem
1585 2750 1655 2802 tu
1683 2738 1918 2804 librum
1965 2739 2020 2803 si
2050 2761 2294 2818 nosseS‚
2341 2788 2356 2806 .
2406 2789 2420 2804 .
2470 2789 2484 2804 .
2519 2739 2804 2822 profecto

345 2841 635 2907 discendi
671 2841 966 2930 cupidine
1012 2842 1340 2931 speculum
1383 2842 1716 2909 inviseres,

512 2946 731 3035 Apul.
776 2945 833 3011 (1.
866 2968 1049 3032 mag.
1096 2947 1208 3016 30:
1255 2950 1348 3013 At
1389 2947 1444 3012 si
1471 2945 1820 3032 Vergilium
1847 2945 2138 3032 legisses,
2159 2945 2442 3027 profecto
2484 2946 2718 3013 scisses
2745 2996 2761 3014 .
2785 2993 2800 3011 .

513 3049 743 3137 Apul.
803 3049 859 3114 d.
915 3071 1110 3135 mag.
1156 3049 1273 3114 40:
1343 3047 1537 3130 Quod
1599 3050 1979 3116 Aristoteles
2038 3049 2095 3115 si
2151 3049 2397 3131 scisset,
2455 3071 2803 3137 numquam

349 3154 635 3236 profecto
681 3152 1006 3219 omisisset
1051 3152 1289 3240 scripto
1334 3152 1624 3239 prodere.

516 3265 692 3322 met.
741 3256 802 3337 5,
847 3258 960 3338 16,
1005 3256 1204 3341 6,17;
1250 3256 1519 3323 florid.
1569 3258 1626 3340 1,
1671 3256 1741 3338 2,
1785 3255 1877 3322 de
1923 3255 2064 3324 deo
2110 3256 2323 3325 Socr.
2363 3257 2471 3338 10,
2519 3256 2579 3321 (1.
2611 3280 2801 3341 mag.

344 3361 415 3439 2,
481 3361 595 3441 30,
667 3358 780 3440 86,
850 3360 909 3423 (1.
959 3358 1202 3445 d.ogm
1247 3358 1341 3424 Pl.
1390 3359 1451 3442 2,
1504 3361 1611 3441 11,
1657 3359 1717 3426 (1.
1765 3360 2013 3426 mund.
2061 3360 2164 3427 23.
2253 3362 2409 3426 Post
2453 3359 2806 3445 optativam

339 3459 722 3526 sententiam
765 3471 936 3527 met.
985 3462 1043 3545 7,
1097 3463 1201 3527 25.

507 3563 824 3631 Gellius
881 3567 940 3648 2,
997 3565 1099 3649 26,
1142 3565 1253 3648 20,
1309 3569 1371 3651 4,
1418 3569 1475 3651 1,
1520 3567 1634 3648 12,
1694 3567 1754 3650 6,
1807 3567 1908 3649 22,
1962 3566 2019 3630 4.

505 3666 703 3735 »Sed
736 3669 1021 3754 profecto
1040 3697 1066 3725 «
1109 3669 1461 3737 invenitur:

504 3770 615 3838 Fr.
658 3796 722 3861 p.
773 3773 883 3854 11,
932 3772 1044 3854 53,
1093 3773 1207 3854 59,
1254 3773 1410 3847 209;
1457 3772 1686 3861 Apul.
1724 3773 1783 3838 (1.
1831 3795 2018 3858 mag.
2067 3771 2183 3847 58;

509 3874 709 3941 Gell.
763 3877 816 3960 1,
860 3875 962 3959 25,
1010 3876 1121 3951 10,
1168 3876 1226 3959 2,
1272 3876 1331 3960 8,
1377 3876 1444 3952 7,
1491 3877 1549 3960 6,
1595 3877 1653 3960 3,
1697 3876 1775 3952 9,
1823 3879 1883 3959 9,
1934 3876 2030 3956 12,
2074 3875 2115 3939 3
2160 3874 2431 3959 aliisque
2477 3872 2657 3938 locis·

505 3977 836 4044 Postremo
903 3979 1099 4045 affero
1168 4003 1313 4045 eum
1384 4002 1592 4064 usum,
1658 3981 1767 4066 qui
1833 3978 2126 4068 proxime
2172 3976 2254 4042 ad
2300 3974 2795 4043 Ciceronianum

334 4080 634 4157 accedjt;'
658 4081 941 4163 profecto
997 4082 1180 4148 alteri
1233 4105 1549 4171 personae
1607 4084 1994 4170 appositum,
2036 4091 2106 4147 ut
2150 4080 2435 4169 opinatio
2481 4078 2560 4146 de
2604 4077 2793 4142 huius

342 4183 592 4249 actione
639 4185 1060 4271 significetur:

507 4285 799 4368 Profecto
827 4289 1143 4375 intellegis
1188 4288 1310 4355 Fr.
1360 4291 1459 4354 72.

503 4391 690 4458 Nosti
733 4393 1017 4477 profecto
1065 4392 1290 4480 Apul.
1336 4399 1507 4459 met.
1556 4394 1615 4477 3,
1661 4393 1771 4468 15;

505 4496 883 4563 meministis
916 4494 1205 4578 profecto
1255 4495 1474 4584 Apul.
1521 4496 1699 4564 flor.
1746 4497 1804 4579 3,
1853 4495 1952 4563 16.
