3142 5042
1340 225 1697 304 -19'-.

279 467 455 535 nulla
521 466 896 553 exceptione
963 464 1383 543 auxiliarium,
1470 472 1542 527 ut
1627 462 1822 527 aiunt
1881 440 2300 548 grammatici,
2372 463 2738 544 verborum,

283 594 555 689 quorum
585 593 730 636 cum
759 568 922 634 ratio
954 567 1137 633 aliter
1169 589 1239 632 se
1282 565 1520 631 habeat
1563 574 1755 651 atque
1800 574 2175 648 ceterorum,
2207 564 2555 632 admodum
2582 564 2743 631 nihil

279 677 349 740 in
393 696 657 741 censum
701 671 978 737 veniunt

456 776 677 842 Tusc.
727 775 785 854 1,
831 775 901 837 2:
957 773 1169 838 »Nam
1215 794 1427 837 mores
1473 780 1538 836 et
1577 770 1869 836 instituta
1914 773 2083 837 vitae
2126 823 2139 838 .
2186 821 2200 836 .
2245 824 2258 838 .
2300 793 2423 837 nos
2454 771 2742 853 profecto

289 891 352 947 et
393 879 625 946 melius
669 887 920 942 tuemur
965 885 1029 941 et
1068 875 1304 941 lautius
1354 874 1473 959 (sc.
1520 896 1713 960 quam
1744 872 2030 961 Graeci),
2068 897 2205 940 rem
2233 897 2388 940 vero
2419 874 2744 963 publicam

285 982 493 1050 nostri
515 981 790 1047 maiores
816 1002 852 1045 c
864 1002 899 1045 e
911 988 1030 1045 rte
1053 977 1425 1044 melioribus
1437 985 1957 1063 temperaverunt
1973 977 2352 1046 etinstitutis
2366 986 2430 1043 et
2443 977 2745 1064 legibus.‹<

286 1085 634 1170 Utriusque
705 1082 1057 1171 particulae
1127 1080 1459 1168 usurpatio
1530 1079 2033 1148 luculentissime
2107 1080 2519 1164 demonstrat,
2592 1079 2746 1168 quid

292 1188 543 1255 intersit
582 1187 749 1252 inter
791 1184 1155 1267 »profecto«
1199 1192 1260 1248 et
1298 1192 1566 1250 »certe«.
1657 1182 1976 1250 Maximae
2020 1195 2119 1248 est
2159 1181 2510 1249 modestiae
2558 1181 2745 1250 Cice-

288 1313 509 1359 ronem
563 1290 733 1355 illius
795 1287 1037 1363 aetatis,
1094 1311 1221 1375 qua
1275 1286 1415 1375 ipse
1473 1296 1628 1369 erat,
1686 1286 2027 1353 virtutibus
2072 1285 2430 1368 »profecto«
2487 1285 2743 1368 addere,

286 1395 600 1460 maiorum
647 1415 799 1459 vero
844 1391 1073 1457 merita
1114 1390 1276 1456 adeo
1320 1414 1452 1457 non
1497 1390 1695 1456 dubia
1736 1391 1842 1456 vel
1896 1389 2200 1476 ambigua
2241 1389 2623 1476 significare,
2677 1397 2750 1454 ut

286 1497 487 1564 dicat:
559 1496 655 1561 als
723 1494 1209 1562 Staatsmanner
1273 1492 1405 1559 und
1461 1491 1895 1580 Gesetzgeber
1953 1492 2177 1558 stehen
2232 1514 2465 1558 unsere
2507 1491 2747 1558 Ahnen

286 1598 700 1667 entschieden
740 1596 944 1663 hoher
989 1619 1075 1662 sc.
1125 1597 1413 1662 Graecis:

459 1740 536 1753 -·-
587 1700 784 1789 (Cum
811 1701 861 1765 ii
889 1699 1145 1788 quidem
1188 1699 1333 1777 loci,
1378 1699 1489 1787 qui
1533 1708 1750 1764 certe
1795 1709 1859 1765 et
1878 1698 2166 1779 profecto
2195 1697 2534 1764 coniuncta
2561 1720 2748 1785 prae-

286 1808 457 1890 bent,
514 1803 847 1895 permagni
906 1803 1034 1868 sint
1087 1802 1396 1867 momenti
1453 1801 1534 1867 ad
1591 1800 1935 1867 discrimen
1981 1801 2171 1888 plane
2213 1799 2748 1889 perspiciendum,

284 1906 454 1972 infra
495 1916 806 1993 perpetua
849 1906 1137 1972 oratione
1180 1906 1627 1992 exponentur.)
1672 1942 1757 1952 --

599 2010 889 2091 Profecto
968 2008 1203 2075 debeo:
1289 2007 1419 2074 fin.
1497 2008 1554 2089 1,
1632 2008 1743 2090 1ος
1809 2006 2009 2073 Verr.
2080 2007 2139 2085 2,
2217 2006 2370 2088 1183
2442 2005 2748 2073 debemus

497 2112 556 2178 d.
614 2136 768 2201 rep.
831 2114 892 2194 3,
952 2112 1023 2193 83
1080 2134 1196 2197 ep.
1255 2111 1314 2189 4,
1371 2113 1428 2189 2,
1486 2113 1560 2193 2;
1617 2109 1849 2177 Arch.
1909 2110 1976 2189 13
2035 2132 2178 2175 sum
2222 2132 2332 2197 ep.
2381 2110 2478 2189 15,
2523 2108 2584 2192 4,
2637 2110 2748 2191 133

494 2237 712 2282 sumus
758 2215 980 2280 Tusc.
1028 2216 1087 2293 5,
1136 2213 1290 2295 1163
1337 2215 1568 2280 absum
1610 2214 1836 2280 Rosc.
1882 2213 1982 2279 94,

458 2320 672 2386 Etiam
718 2327 911 2406 atque
957 2317 1149 2383 etiam
1192 2316 1357 2381 anim
1366 2340 1475 2383 um
1505 2316 1802 2382 intendas
1831 2318 2028 2383 velim
2059 2314 2140 2380 ad
2171 2312 2254 2391 id,
2286 2312 2461 2400 quod
2487 2313 2754 2400 perfecti

289 2424 497 2510 prima
567 2442 851 2510 persona
919 2420 1176 2485 omnino
1236 2418 1432 2497 deest,
1488 2419 1847 2508 praesentis
1892 2442 2047 2485 vero
2092 2416 2498 2501 paucissimis
2545 2430 2755 2481 exstat

289 2524 465 2590 locis,
554 2522 806 2603 Quodsi
859 2522 1059 2589 futuri
1113 2523 1322 2605 prima
1364 2545 1645 2611 persona
1687 2523 1887 2589 multo
1935 2520 2191 2610 saepius
2238 2519 2576 2598 invenitur,
2621 2542 2753 2584 non

138 2635 193 2677 ‘-
296 2648 446 2692 casu
505 2623 747 2689 factum
816 2625 1167 2703 arbitreriS,
1234 2625 1348 2691 sed
1412 2626 1771 2692 rectissime
1840 2625 2122 2692 conicias
2190 2646 2271 2689 ex
2333 2622 2457 2688 hoc
2514 2621 2754 2708 insigni

291 2726 721 2814 peculiarique
777 2749 917 2808 usu,
973 2750 1167 2813 quam
1207 2751 1339 2792 non
1397 2729 1752 2811 »profecto«
1798 2729 1882 2794 sit
1924 2727 2376 2794 asseverantis.
2464 2724 2752 2792 Maxime

292 2839 391 2895 est
419 2830 766 2916 conspicua
794 2837 1138 2894 structura:
1172 2829 1537 2897 efficiam
1579 2832 1680 2898 vel
1725 2831 2147 2920 perficiam
2173 2830 2278 2897 vel
2319 2827 2746 2918 proficiam

280 2932 600 3015 profectot

598 3034 1270 3123 perficiamprofccto:
1318 3038 1474 3103 Att.
1523 3037 1584 3118 8,
1634 3035 1780 3119 lld,
1828 3037 1899 3117 83
1957 3059 2069 3123 ep.
2117 3035 2177 3117 3,
2230 3036 2284 3117 1,
2334 3036 2410 3116 13
2466 3034 2528 3116 9,
2577 3035 2632 3113 1,
2677 3034 2747 3115 2;

493 3138 634 3223 leg.
678 3160 828 3223 agr.
876 3139 931 3217 1,
975 3140 1088 3220 273
1134 3140 1192 3218 2,
1238 3139 1353 3221 50;
1411 3136 1644 3206 Catil.
1688 3140 1748 3217 2,
1792 3141 1910 3221 28;
1956 3139 2017 3220 3,
2063 3139 2178 3220 29;
2237 3137 2478 3206 Arch.
2522 3136 2584 3219 4,
2629 3136 2751 3201 hac

492 3262 746 3327 semper
769 3241 1112 3307 verborum
1142 3241 1560 3307 collocatione
1590 3252 2035 3330 praeterquam
2068 3242 2124 3307 si
2168 3241 2493 3328 praecedit
2533 3238 2751 3318 illud,

490 3344 592 3410 cui
622 3343 908 3425 profecto
953 3344 1251 3411 succedit.

597 3445 1204 3529 efficiamprofeoto:
1253 3447 1344 3514 de
1391 3447 1452 3514 d.
1496 3458 1653 3515 nat.
1684 3449 1743 3527 3,
1774 3449 1888 3531 653
1934 3471 2042 3537 ep.
2075 3451 2134 3527 3,
2165 3451 2224 3531 7,
2258 3447 2669 3530 6301uent.
2695 3446 2753 3514 7.

584 3548 869 3630 profecto
911 3550 1244 3637 proficiam
1296 3552 1453 3616 Att.
1504 3550 1606 3633 14,
1655 3553 1754 3635 17,
1800 3553 1875 3634 2;

592 3651 874 3733 profecto
932 3652 1263 3739 profecero
1332 3653 1530 3740 (quod
1603 3664 1701 3720 est
1761 3679 1957 3721 unum
2023 3657 2306 3721 futurum
2374 3651 2753 3739 secundum)

494 3756 652 3821 Att.
704 3756 802 3834 11,
847 3756 951 3837 22,
997 3756 1068 3837 23

587 3858 874 3940 profecto
915 3858 1152 3924 faciam
1194 3881 1298 3946 ep.
1348 3859 1402 3937 1,
1448 3860 1508 3941 8,
1554 3862 1626 3944 33

599 3982 904 4049 assequar
939 3960 1223 4042 profecto
1270 3960 1334 4028 d.
1379 3961 1534 4026 div.
1582 3964 1640 4042 2,
1685 3965 1742 4028 6.

463 4062 872 4150 Quamquam
913 4064 1136 4149 negari
1176 4064 1398 4150 nequit
1438 4064 1564 4130 hoc
1607 4065 1800 4133 modo
1832 4066 2187 4132 adhibitum
2215 4093 2242 4123 »
2252 4064 2580 4146 prof-ecto«
2621 4085 2747 4128 non

287 4163 561 4230 multum
617 4165 853 4232 distare
911 4190 951 4232 a
1003 4195 1030 4224 »
1047 4167 1408 4233 mehercule
1423 4195 1467 4246 ‹<‚
1533 4178 1752 4235 tamen
1807 4170 1884 4234 ea
1933 4191 2003 4234 re
2061 4166 2468 4235 vehementer
2522 4165 2752 4247 differt,

288 4268 460 4353 quod
517 4267 642 4334 hoc
695 4269 763 4333 in
818 4278 1203 4357 exaggerata
1258 4279 1447 4356 atque
1503 4272 1671 4337 elata
1729 4273 2048 4353 oratione,
2103 4269 2261 4336 illud
2319 4271 2386 4336 in
2432 4267 2752 4354 aequabili

291 4379 401 4436 est
434 4393 729 4438 sermone
772 4394 903 4437 non
934 4372 1346 4438 asseverandi
1375 4396 1499 4439 nec
1524 4374 1886 4440 affirmandi
1930 4396 2140 4453 causa,
2186 4373 2301 4440 sed
2332 4371 2751 4440 verecundiae

291 4473 625 4541 cuiusdam
658 4474 763 4542 vel
805 4473 1161 4541 modestiae
1200 4475 1675 4543 documentum.
1763 4478 1989 4564 Longe
2033 4477 2232 4560 aliter,
2273 4485 2348 4541 ut
2390 4474 2750 4561 exemplum

2341 4577 2405 4630 2*
