3142 5042
1456 176 1824 290 ..24-⁹

392 461 608 541 potest
663 452 732 517 in
787 450 1297 519 controversiam
1357 449 1616 534 adduci,
1668 448 1976 535 exemplis
2033 444 2416 535 quibusdam
2483 447 2845 517 illustretur.

391 557 745 623 Notissimo
818 554 929 621 illo
1001 556 1145 621 loco
1205 552 1392 621 Catil.
1449 556 1518 637 2,
1575 554 1612 616 2
1676 552 2036 619 describere
2087 550 2225 615 vult
2292 547 2539 634 Cicero,
2593 573 2721 638 qua
2778 552 2848 616 in

395 658 769 725 condicione
830 657 1110 726 Catilina
1163 665 1455 724 versetur
1519 657 1782 743 eiusque
1848 652 2138 722 solitudo.
2229 654 2481 737 »Abiit,
2552 654 2847 737 excessit,

394 764 616 845 evasit,
672 764 927 851 erupit«
1012 762 1261 844 Nonne,
1315 759 1525 847 pergit
1568 757 1816 842 Cicero,
1861 756 2206 826 Catilinam
2248 758 2532 822 maximo
2557 779 2847 823 maerore

394 865 700 932 afflictum
743 871 808 927 et
848 860 1252 950 profligatum
1297 885 1408 929 eos
1452 871 1697 950 putare,
1736 860 1910 947 quod
1950 884 2083 925 non
2127 868 2299 925 esset
2338 869 2737 944 consecutus,
2780 871 2850 926 ut

395 969 914 1035 administrorum
964 987 1161 1053 opera
1217 965 1464 1031 nefaria
1534 963 1804 1032 consilia
1858 972 2206 1052 perageret,
2261 962 2434 1050 quod
2495 964 2846 1030 incolumes

394 1073 587 1154 civeS,
618 1079 889 1159 stantem
921 1068 1142 1133 urbem
1172 1069 1561 1155 reliquisset:
1610 1095 1638 1126 »
1654 1070 1698 1132 J
1699 1076 1841 1134 acet
1865 1068 1973 1133 1116
2010 1089 2181 1134 nunc
2222 1076 2705 1155 prostratusque
2750 1075 2851 1133 est

395 1182 458 1241 et
495 1197 564 1240 se
607 1171 969 1261 perculsum
1027 1152 1216 1258 at'que
1272 1173 1592 1237 abiectum
1646 1193 1789 1237 esse
1850 1172 2044 1237 sentit
2104 1180 2168 1236 et
2231 1179 2557 1257 retorquet
2621 1170 2841 1237 oculos

385 1277 665 1363 profecto
710 1297 903 1363 saepe
947 1272 1030 1340 ad
1071 1275 1238 1341 hanc
1281 1274 1523 1358 urbem,
1579 1296 1773 1361 quam
1817 1297 1853 1339 e
1897 1275 2032 1339 suis
2061 1273 2355 1340 faucibus
2388 1282 2676 1362 ereptam
2699 1295 2844 1339 esse

388 1381 614 1468 luget«.
678 1380 912 1446 Nonne
938 1378 1081 1443 luce
1112 1377 1339 1444 clarius
1369 1377 1475 1443 hic
1497 1376 1862 1461 affirmandi
1890 1377 1996 1444 vel
2023 1376 2439 1443 asseverandi
2468 1376 2847 1464 particulam

393 1484 511 1550 abs
554 1506 626 1549 re
685 1503 827 1548 6666
889 1504 971 1546 ex
1022 1483 1216 1547 totius
1291 1481 1565 1546 ambitus
1641 1483 1955 1546 sententia
2020 1480 2326 1569 apparet?
2390 1478 2597 1547 Simili
2656 1478 2847 1546 modo

391 1586 600 1676 patrio
648 1606 943 1651 sermone
984 1584 1339 1650 reddimus:
1398 1583 1618 1650 »Jetzt
1664 1583 1819 1670 liegt
1862 1606 1930 1649 er
1973 1608 2053 1649 zu
2108 1582 2337 1649 Boden
2400 1581 2852 1669 geschmettert

396 1690 495 1774 da,
523 1688 748 1772 merkt,
766 1687 918 1753 dass
948 1710 1017 1756 66
1048 1712 1158 1753 um
1183 1687 1296 1753 ihn
1322 1687 1426 1752 fiir
1451 1686 1681 1753 immer
1708 1687 2088 1774 geschehen,
2121 1686 2251 1751 und
2283 1684 2531 1752 wendet
2557 1686 2800 1772 gewis
2816 1708 2848 1751 s

393 1793 487 1860 oft
529 1793 749 1859 seinen
776 1790 964 1857 Blick
1003 1792 1171 1857 nach
1215 1813 1478 1856 unserer
1508 1787 1697 1857 Stadt
1740 1790 2029 1856 zui-fich«

562 1896 744 1961 Verr.
789 1895 847 1976 5,
893 1894 1003 1960 16:
1072 1894 1398 1979 »Profecto
1439 1893 1635 1959 homo
1681 1893 1862 1959 dives
1905 1902 2168 1982 repente
2211 1915 2252 1959 a
2292 1892 2497 1959 Verre
2538 1915 2670 1959 non
2714 1892 2853 1958 sine

395 2021 591 2067 causa
634 2000 914 2064 citatum<
1891 2014 1894 2017 “

562 2101 695 2169 Ubi
724 2102 998 2190 primum
1012 2100 1405 2168 Panormum
1436 2100 1612 2168 venit
1628 2098 1884 2183 Verres,
1910 2099 2328 2187 Apollonium
2359 2098 2699 2186 quendam,
2721 2123 2848 2188 quo

400 2215 535 2273 tota
578 2205 737 2271 urbe
779 2225 969 2270 nemo
1015 2212 1153 2269 erat
1196 2204 1444 2287 clarior,
1501 2202 1586 2268 ad
1647 2225 1717 2268 se
1761 2204 1981 2270 vocari
2046 2210 2110 2267 et
2173 2202 2252 2268 de
2312 2202 2615 2269 tribunali
2671 2203 2852 2270 citari

395 2311 584 2374 iussit
626 2329 942 2373 concursu
970 2329 1205 2393 magno
1235 2307 1720 2394 frequentiaque
1751 2314 2132 2387 conventus3
2166 2305 2476 2390 homineS,
2509 2306 2620 2393 qui
2657 2306 2846 2372 mira-

394 2415 627 2478 bantur
667 2410 1085 2494 pecuniosum
1153 2410 1336 2475 illum
1402 2410 1730 2477 hominem
1789 2419 1923 2474 tam
1989 2407 2097 2472 diu
2160 2408 2481 2495 integrum
2554 2432 2594 2475 a
2649 2412 2843 2474 Verre

393 2514 729 2596 mansisse,
791 2512 1071 2598 aliquam
1134 2515 1582 2599 gravissimam
1664 2514 1934 2580 subesse
1999 2534 2261 2578 causam
2323 2513 2655 2599 colligunt:
2724 2511 2852 2578 »da

395 2639 575 2683 muss
623 2616 788 2682 doch
834 2625 1029 2681 etwas
1072 2616 1429 2701 vorliegen3
1489 2617 1595 2680 ein
1648 2615 1895 2682 reicher
1956 2613 2162 2681 Mann
2217 2616 2378 2683 wird
2441 2641 2574 2684 von
2615 2616 2851 2682 Verres

399 2720 579 2787 nicht
621 2719 787 2786 ohne
831 2719 1057 2786 Grund
1102 2718 1539 2807 vorgeladen.«

567 2823 779 2889 Tusc.
829 2822 892 2906 1,
939 2822 1089 2888 109:
1133 2823 1410 2907 profecto
1454 2823 1803 2911 oppetitur3
1847 2823 1907 2906 3,
1961 2822 2042 2886 14
2087 2824 2460 2907 extimescit,
2511 2823 2717 2889 Lael.
2764 2823 2851 2889 48

394 2927 591 3009 cadit3
638 2927 697 2992 d.
745 2924 894 2991 div.
944 2926 1163 3010 1,114
1211 2935 1490 2994 cernunt.
1565 2925 1625 2991 d.
1674 2949 1771 2992 or.
1827 2926 1892 3008 1,
1947 2926 2069 2990 135
2115 2936 2399 3014 prosunt.
2489 2927 2548 2992 d.
2605 2926 2748 3013 leg.
2790 2930 2858 3012 2,

400 3031 507 3096 11:
556 3038 807 3096 constat
855 3029 1155 3115 profecte.
1230 3028 1290 3094 d.
1335 3052 1488 3116 rep.
1533 3031 1567 3096 I
1608 3028 1690 3095 fr.
1736 3029 1774 3092 2
1822 3029 2108 3095 debetur.
2176 3028 2236 3094 d.
2300 3052 2453 3117 rep.
2510 3030 2582 3114 3,
2634 3030 2719 3095 49
2762 3031 2857 3096 fit.

398 3132 454 3198 d.
501 3133 561 3198 d.
607 3140 760 3197 nat.
809 3133 868 3215 1,
913 3133 1033 3197 102
1080 3134 1416 3198 existimat.
1507 3155 1614 3220 ep.
1660 3132 1727 3216 6,
1773 3133 1837 3216 1,
1882 3132 1951 3197 6:
2009 3132 2392 3198 consolatur.
2461 3133 2686 3200 Rosc.
2733 3134 2853 3214 303

396 3260 526 3303 non
572 3235 770 3318 deest,
815 3237 1041 3303 Marc.
1090 3236 1200 3300 15:
1247 3235 1545 3313 declarat,
1593 3235 1651 3300 d.
1694 3235 1835 3321 leg.
1881 3257 2032 3320 agr.
2077 3235 2139 3317 2,
2189 3235 2289 3301 17.

567 3338 693 3405 His
740 3338 895 3405 solis
938 3339 1117 3419 16616,
1163 3338 1275 3425 qui
1318 3348 1466 3404 sunt
1510 3337 1893 3424 quindecim,
1934 3337 2294 3423 »profecto«
2340 3342 2662 3428 praesenti
2707 3364 2843 3408 ver-

396 3443 627 3509 borum
670 3465 803 3508 non
846 3440 1251 3507 auxiliarium
1304 3439 1723 3524 coniungitur.

568 3545 778 3612 Multo
847 3544 1170 3633 copiosior
1235 3553 1300 3610 et
1362 3542 1657 3608 usitatior
1724 3551 1823 3609 est
1877 3566 2030 3639 usus
2086 3544 2300 3627 futuri,
2357 3546 2531 3632 quod
2576 3549 2857 3616 maxime

395 3658 663 3715 naturae
707 3649 844 3715 eius
887 3647 1257 3737 particulae,
1303 3670 1498 3734 quam
1524 3654 1893 3731 tractamus,
1925 3657 2423 3714 consentaneum
2451 3658 2569 3715 est.
2645 3650 2856 3731 Quin-

399 3753 579 3843 quies
637 3753 849 3819 decies
906 3751 1270 3818 invenimus
1313 3749 1674 3837 vulgarium
1715 3753 2063 3818 verborum
2104 3763 2524 3841 praesentem,
2568 3751 2855 3820 futurum

397 3879 602 3946 paene
636 3855 1059 3945 ,quadragie83
1102 3853 1263 3919 »erit
1301 3853 1581 3939 profecto
1602 3880 1629 3911 «
1658 3875 1813 3920 vero
1856 3878 1988 3921 non
2015 3856 2142 3931 nisi
2173 3856 2415 3922 novies.
2491 3856 2848 3942 Nelongus

398 3960 539 4039 sim,
596 3982 839 4041 omneS‚
896 3958 1007 4046 qui
1058 3956 1185 4023 huc
1229 3965 1537 4045 spectant,
1601 3957 1782 4024 locos
1856 3959 2261 4041 enumerab0,
2328 3982 2461 4026 non
2518 3961 2854 4044 enarrabo,

399 4087 544 4131 cum
585 4062 872 4152 plerique
915 4060 1085 4127 infra
1128 4059 1490 4148 diligentius
1537 4070 1964 4148 exponantur:

572 4166 727 4230 erit
777 4166 1093 4250 profecto:
1149 4164 1205 4229 d.
1264 4187 1354 4230 or.
1404 4164 1463 4245 1,
1510 4165 1622 4243 503
1677 4163 1741 4244 2,
1785 4163 1858 4245 33
1916 4186 2016 4251 ep.
2059 4164 2119 4243 2,
2166 4164 2267 4246 16,
2313 4166 2374 4231 6.
2466 4165 2724 4247 Quinct.
2770 4168 2854 4232 39

402 4274 730 4356 (Murum
771 4278 991 4335 »erat«
1036 4267 1115 4337 cf.
1163 4291 1355 4356 supra
1396 4290 1460 4354 p.
1511 4266 1641 4352 17).
1729 4265 1910 4334 Font.
1955 4269 2056 4334 25.
2148 4264 2336 4335 Catil.
2382 4267 2445 4351 4,
2476 4269 2590 4352 213
2634 4268 2697 4353 4,
2741 4269 2856 4350 233

400 4375 540 4442 Mil.
588 4373 686 4440 69.
774 4396 872 4461 ep.
923 4372 1024 4454 13,
1073 4373 1174 4454 13,
1226 4373 1281 4438 1.

578 4476 883 4563 poterit
919 4475 1232 4566 profecto:
1277 4473 1357 4539 ad
1401 4470 1509 4538 Br.
1555 4473 1615 4556 1,
1665 4471 1763 4552 16,
1809 4471 1870 4541 5.
