3142 5042
1405 221 1748 287 ...40-

526 469 641 535 ep.
687 447 745 525 3,
793 447 848 525 1,
898 446 966 510 1:
1011 445 1184 534 quod
1227 468 1373 513 cnm
1414 444 1508 512 ita
1550 445 1654 525 sit,
1696 444 2027 535 perficiam
2055 446 2359 528 profecto,
2401 453 2474 510 11ι
2519 493 2534 510 .
2581 492 2596 508 .
2644 493 2660 511 .

529 573 639 637 ep.
689 550 789 632 13,
834 549 938 632 49,
988 550 1054 617 l:
1098 571 1244 616 cum
1287 556 1476 615 antea
1518 547 2182 616 commendationibus
2219 597 2236 614 .
2267 597 2282 612 .
2314 595 2331 613 .
2364 547 2808 614 auctoritatem

358 674 542 718 suam
583 653 749 718 tueri
791 651 1132 735 consuerit,
1174 674 1346 719 nunc
1375 652 1661 735 profecto
1692 698 1707 715 .
1742 701 1758 716 .
1790 697 1808 716 .
1836 650 2000 717 meis
2040 650 2270 718 litteris
2312 651 2573 740 assequi
2603 649 2808 718 debet.

528 754 729 822 Verr.
796 757 854 835 2,
926 756 1078 821 118:
1151 753 1319 823 Cum
1383 805 1400 820 .
1466 804 1482 820 .
1549 808 1564 822 .
1629 754 1812 822 multi
1865 777 1993 820 uno
2046 754 2336 843 tempore
2379 776 2420 820 a
2461 776 2567 820 me
2629 801 2643 818 .
2710 803 2725 817 .
2792 804 2809 818 .

358 857 796 942 defendantur,
855 858 1141 941 profecto
1205 859 1410 925 vereri
1481 882 1616 924 non
1691 858 1915 940 debeo,
1979 880 2063 924 ne
2128 859 2272 946 quis
2336 856 2462 923 hoc
2503 904 2519 920 .
2558 903 2576 921 .
2620 903 2637 920 .
2679 879 2812 923 non

357 961 679 1027 existimet
704 985 807 1029 me
838 961 1071 1028 summi
1102 961 1297 1028 officii
1325 962 1576 1029 ratione
1603 961 1952 1049 impulsum
1981 969 2396 1050 coactumque
2427 959 2807 1048 suscepisse.

526 1063 732 1132 Verr.
787 1065 850 1148 4,
906 1066 1019 1131 821
1087 1064 1197 1152 qui
1253 1087 1398 1130 cum
1451 1086 1557 1131 res
1612 1064 1927 1131 maximas
1983 1062 2272 1150 gesserit,
2308 1063 2596 1146 profecto
2640 1062 2815 1129 volet

355 1165 517 1234 haec
559 1214 574 1231 .
618 1214 635 1231 .
680 1215 695 1233 .
740 1167 1138 1235 defendenda
1183 1217 1197 1231 .
1243 1216 1256 1231 .
1303 1216 1317 1231 .
1360 1166 1634 1233 tradere.

529 1269 591 1337 d.
634 1270 777 1358 leg.
822 1294 976 1358 agr.
1020 1271 1081 1354 2,
1127 1270 1240 1350 503
1283 1269 1480 1336 Phil.
1524 1270 1587 1354 5,
1627 1269 1731 1334 51.

659 1373 998 1442 Postremo
1043 1383 1142 1440 est
1181 1372 1371 1439 huius
1414 1373 1569 1440 loci:

526 1475 586 1543 d.
640 1477 782 1564 leg.
848 1479 903 1560 l,
960 1477 1032 1542 5:
1090 1486 1273 1565 potes
1326 1484 1540 1543 autem
1604 1483 1675 1541 tu
1720 1475 2006 1557 profecto
2050 1474 2422 1542 satisfacere
2461 1474 2533 1540 in
2575 1497 2656 1542 ea
2697 1475 2815 1562 (88.

353 1579 678 1665 historia),
724 1581 959 1669 quippe
1004 1604 1199 1669 quom
1243 1580 1330 1646 sit
1371 1601 1533 1666 opus
1578 1630 1598 1647 .
1628 1624 1646 1643 .
1677 1628 1692 1645 .
1719 1601 1916 1645 unum
1957 1576 2083 1644 hoc
2124 1578 2476 1645 oratorium
2513 1578 2814 1646 maxime.

527 1685 621 1749 At
679 1707 811 1750 non
875 1684 1070 1751 modo
1139 1692 1207 1748 ut
1274 1680 1730 1771 consequentia
1790 1703 2024 1750 causae
2079 1680 2410 1763 adiciatur,
2478 1680 2815 1748 adhibetur

355 1787 733 1869 »profecto«,
779 1788 894 1854 sed
940 1788 1129 1854 etiam
1175 1787 1244 1852 in
1285 1785 1445 1875 ipsis
1491 1785 1722 1860 causis,
1768 1784 1825 1850 si
1869 1806 1983 1851 eae
2024 1806 2176 1850 non:
2199 1784 2554 1871 generatim
2580 1785 2814 1851 valent.

354 1889 503 1957 Hac
544 1890 792 1957 ratione
832 1890 1155 1957 invenitur
1195 1888 1556 1971 »profecto«
1599 1888 1879 1976 primum
1920 1909 2092 1975 pone
2134 1909 2323 1954 »nam
2334 1910 2381 1951 α.

528 2015 634 2080 ep.
699 1994 760 2076 3,
826 1994 888 2076 9,
955 1995 1027 2059 3:
1101 2016 1254 2059 nam
1298 1992 1588 2074 profecto
1629 2014 1762 2057 non
1805 1999 1906 2057 est
1946 2013 2158 2057 meum
2204 2039 2221 2057 .
2268 2036 2285 2054 .
2332 2037 2348 2055 .
2396 1990 2813 2073 committere,

356 2103 427 2161 ut
470 2141 486 2159 .
535 2140 551 2158 .
596 2145 611 2162 .

526 2197 760 2266 Catil.
807 2200 870 2282 3,
919 2200 1029 2265 191
1073 2222 1225 2265 nam
1257 2199 1545 2281 profecto
1589 2197 1899 2264 memoria
1942 2197 2191 2264 tenetis.

527 2301 748 2368 Tusc.
796 2302 853 2385 1,
899 2302 971 2384 23
1020 2305 1172 2369 Att.
1216 2302 1279 2384 4,
1328 2302 1428 2384 17,
1472 2302 1545 2383 43
1591 2301 1855 2366 Plane.
1899 2299 2004 2371 87.

1482 2427 1687 2473 emm:

526 2506 1210 2590 Τ1188.1,9411111111
1252 2508 1423 2574 enim
1468 2517 1567 2574 est
1582 2506 1870 2589 profecto
1896 2505 2142 2573 homini
2170 2505 2513 2594 prudentia
2540 2505 2808 2588 1111181118,

355 2633 548 2698 quam
590 2618 839 2676 ut..
885 2618 1097 2678 cetera
1140 2610 1407 2694 auferat,
1453 2609 1662 2678 adfert
1704 2617 1875 2676 certe
1920 2617 2235 2677 senectus.

529 2712 747 2779 Tusc
809 2713 871 2796 4,
940 2714 1054 2780 75:
1121 2714 1417 2781 omnibus
1478 2714 1649 2780 enim
1705 2736 1786 2780 ex
1842 2712 2040 2779 animi
2078 2664 2668 2801 perturbationibus
2714 2717 2815 2776 est

342 2820 631 2898 protecto
671 2816 849 2882 nulla
893 2816 1344 2884 vehementior.

528 2919 749 2986 Lael:
796 2922 864 2986 2:
910 2920 1258 2989 meministi
1279 2943 1450 2987 emm
1458 2919 1745 3004 profecto
1775 2967 1788 2982 .
1809 2965 1826 2983 .
1849 2966 1886 3003 .,
1910 2926 2148 3005 quanta
2169 2926 2341 2986 esset
2358 2917 2689 2985 hominum
2709 2962 2727 2981 .
2753 2965 2767 2979 .
2796 2966 2812 2981 .

355 3022 716 3092 admiratiO.

527 3125 586 3191 d.
631 3125 782 3192 div.
830 3127 888 3209 1,
934 3128 1053 3193 231
1102 3126 1196 3194 818
1238 3126 1412 3193 8111111
1456 3147 1527 3192 88
1555 3125 1846 3207 profecto
1886 3146 1994 3191 res
2019 3125 2249 3192 -habet-

530 3228 739 3297 acad.
790 3232 845 3312 l,
891 3232 1005 3296 24:
1052 3230 1286 3296 dabitis
1331 3228 1503 3296 enim
1533 3229 1818 3311 profecto
1861 3276 1876 3292 .
1920 3276 1944 3292 .
1982 3275 2000 3293 .

527 3343 718 3420 part.
764 3357 865 3402 or.
914 3334 1025 3398 71:
1074 3332 1287 3399 omnia
1331 3331 1501 3398 enim
1546 3340 1696 3398 sunt
1725 3331 2017 3414 profecto
2059 3330 2396 3398 laudanda.

530 3436 591 3502 d.
637 3437 776 3525 leg.
823 3437 885 3520 2,
929 3437 1043 3501 69:
1089 3435 1159 3502 id
1201 3436 1371 3502 enim
1416 3445 1516 3501 est
1549 3435 1856 3517 profecta
1902 3434 2075 3522 quod
2118 3434 2463 3502 constituta
2503 3433 2807 3522 religione

355 3562 495 3606 rem
534 3539 859 3628 publicam
904 3540 1226 3607 contineat
1265 3538 1562 3605 maxime.

531 3643 593 3708 d.
647 3643 707 3709 d.
760 3652 911 3710 nat.
971 3645 1029 3727 1,
1084 3644 1196 3711 24:
1265 3652 1438 3711 terra
1491 3641 1664 3708 enim
1690 3641 1993 3724 profecto,
2048 3641 2351 3731 quoniam
2394 3641 2618 3709 mundi
2659 3661 2812 3728 pars

358 3755 475 3829 est,
517 3768 670 3834 pars
716 3754 816 3812 est
858 3747 1048 3813 etiam
1094 3746 1390 3813 dei..

526 3850 683 3916 Att.
733 3851 834 3933 10,
884 3850 982 3934 11,
1030 3851 1102 3915 21
1148 3849 1329 3915 vides
1375 3848 1546 3914 enim
1576 3847 1865 3931 profecto
1908 3848 2255 3935 augustias.

529 3976 638 4040 ep.
682 3954 744 4035 ἵ),
793 3954 893 4035 19,
937 3953 1008 4019 2·
1055 3959 1154 4018 est
1197 3951 1369 4018 enim
1408 3973 1513 4018 res
1545 3950 1835 4035 profecto
1877 3951 2178 4019 maxima.

530 4078 667 4144 ep..
705 4056 767 4137 9,
834 4056 895 4138 8,
964 4057 1030 4122 11
1093 4054 1267 4122 nosti
1331 4054 1501 4121 enim
1551 4055 1842 4137 profecto
1885 4076 1972 4125 os
2031 4053 2221 4121 11111118
2287 4006 2814 4122 adulescentioris

359 4159 744 4226 academiae.

528 4285 638 4350 ep.
689 4261 787 4346 15,
830 4263 889 4346 6,
934 4262 1002 4328 1:
1050 4283 1127 4327 ea
1170 4270 1268 4328 est
1309 4261 1482 4330 enim
1513 4261 1797 4346 profecto
1838 4259 2118 4329 iucunda
2156 4260 2320 4345 laus,
2366 4283 2595 4349 quae.
2642 4306 2661 4325 .
2707 4306 2723 4323 .

530 4364 736 4433 Verr.
780 4388 839 4433 a.
880 4388 987 4455 pr.
1031 4365 1146 4431 32:
1192 4363 1261 4429 id
1304 4364 1476 4432 enim
1519 4363 1773 4431 consilii
1813 4363 1975 4433 mihi
2008 4363 2287 4446 profecto
2331 4364 2509 4432 taciti
2551 4362 2812 4431 dabitis.

536 4469 841 4536 Cluent..
890 4469 1041 4537 188:
1096 4468 1229 4537 iam
1271 4467 1443 4537 enim
1484 4466 1716 4537 videtis
1749 4467 2051 4552 profem,
2094 4466 2361 4537 iudices.
