3142 5042
1536 205 1878 271 -50-

736 426 1022 497 Alterius
1066 428 1317 516 generis
1361 426 1686 496 iudicandi
1730 438 1878 496 sunt
1918 428 1987 494 hi
2028 425 2186 494 loci:

648 535 709 600 d.
745 533 870 600 off.
917 534 977 616 3,
1013 534 1164 608 110;
1212 532 1273 599 d.
1321 558 1420 600 or.
1468 534 1526 612 3,
1559 533 1717 615 2153
1764 535 1924 602 Att.
1973 532 2075 613 14,
2124 529 2262 609 13a,
2306 531 2379 612 23
2429 530 2525 607 14,
2576 529 2672 607 17,
2716 529 2787 610 2;
2832 552 2937 615 ep.

480 637 577 719 13,
622 638 726 719 49,
778 638 845 718 13
901 635 1126 702 Rosc.
1173 635 1287 717 483
1347 634 1569 705 Caec.
1615 636 1730 718 483
1791 635 1976 702 Rab.
2023 636 2134 713 253
2180 633 2239 699 d.
2286 632 2469 699 dom.
2515 632 2629 714 883
2675 631 2732 697 d.
2774 631 2932 698 har.

473 762 659 828 resp.
708 739 823 815 57;
867 738 1063 806 Phil.
1110 738 1169 822 5,
1214 739 1317 804 30.

729 841 906 923 Quin
930 843 1122 907 etiam
1162 842 1348 908 tertio
1378 850 1529 928 post
1559 841 1870 929 protasim
1898 840 2041 906 loco
2073 840 2452 906 collocatum
2501 848 2600 904 est
2621 839 2932 923 profecto:

641 945 699 1011 d.
746 946 898 1015 div.
950 946 1005 1028 1,
1053 945 1208 1022 1273
1252 945 1314 1008 d.
1364 968 1460 1010 or.
1508 947 1566 1027 1,
1616 945 1768 1023 1503
1815 944 1875 1011 d.
1920 945 2062 1029 leg.
2114 945 2168 1018 l,
2218 944 2284 1023 1;
2331 942 2389 1009 d.
2436 942 2492 1008 d.
2535 951 2689 1008 nat.
2733 941 2930 1026 1,48;

469 1073 575 1136 ep.
622 1051 681 1123 3,
725 1051 784 1128 2,
832 1049 897 1127 1;
941 1050 1003 1134 ὃ,
1053 1049 1153 1130 13,
1200 1048 1274 1125 3;
1320 1047 1480 1134 Lig.
1526 1048 1638 1127 253
1683 1047 1880 1114 Phil.
1927 1049 1986 1130 1,
2035 1048 2131 1113 12.

724 1153 894 1218 Ante
938 1153 1148 1239 ipsam
1194 1150 1527 1237 protasim,
1572 1173 1767 1238 quam
1823 1150 2073 1238 reliqua
2129 1149 2433 1238 apodosis
2487 1147 2791 1234 sequitur,
2836 1156 2935 1212 est

467 1254 809 1342 particula:

637 1357 696 1423 d.
745 1382 845 1425 or.
896 1359 950 1438 1,
996 1359 1110 1437 57;
1160 1357 1306 1426 div.
1352 1361 1432 1426 in
1477 1358 1703 1428 anc.
1752 1358 1865 1437 553
1912 1357 2120 1424 Verr.
2169 1357 2227 1430 2,
2278 1356 2429 1432 175;
2477 1355 2537 1420 d.
2582 1354 2725 1439 leg.
2775 1374 2926 1438 agr.

463 1461 524 1543 2,
567 1461 636 1539 3;
703 1462 933 1529 Arch.
995 1463 1102 1541 163
1176 1461 1377 1529 Phil.
1431 1465 1526 1547 11,
1574 1464 1684 1542 23;
1753 1461 1964 1530 Cael.
2009 1462 2125 1544 (373
2170 1463 2282 1540 33;
2348 1458 2611 1539 Quint.
2663 1456 2771 1539 543
2816 1456 2928 1533 46;

465 1562 669 1630 Verr.
718 1566 775 1644 3,
824 1566 925 1631 72.

719 1668 1011 1735 Protasis
1082 1670 1491 1756 subsequitur
1556 1668 1912 1758 apodosim,
1972 1691 2136 1756 quae
2202 1667 2373 1734 cadit
2424 1665 2492 1732 in
2550 1662 2930 1753 particulam

447 1772 757 1857 profecto:

480 1918 485 1927 -
630 1876 786 1941 Att.
838 1876 935 1950 10,
989 1876 1087 1958 11,
1134 1876 1200 1954 3;
1249 1875 1478 1943 Catil.
1523 1876 1585 1960 3,
1629 1877 1733 1944 22.

634 1982 670 2060 ξ
714 1978 771 2044 6.
858 1978 987 2044 His
1032 1980 1313 2066 peractis
1371 1989 1591 2064 restat,
1647 1990 1719 2045 ut
1758 2001 1966 2068 pauca
2009 1979 2342 2061 disseram,
2388 1973 2926 2064 quemadmodum

457 2082 808 2170 particulae
839 2083 1125 2168 profecto
1170 2104 1322 2149 usus
1366 2084 1436 2149 in
1480 2083 1697 2151 varios
1744 2082 2075 2150 Ciceronis
2118 2074 2315 2147 libros
2363 2079 2796 2145 distribuatur.

628 2189 730 2253 Ac
792 2186 1071 2273 primum
1137 2187 1398 2275 quidem
1462 2188 1756 2256 videmus
1820 2187 1890 2252 in
1957 2184 2420 2273 antiquioribus
2487 2191 2551 2249 et
2608 2181 2792 2247 libris
2859 2190 2920 2246 et

451 2281 861 2355 *orationibus
929 2289 1184 2379 saepius
1251 2290 1528 2357 inveniri
1591 2291 1969 2378 particulam
2034 2312 2226 2377 quam
2286 2287 2641 2377 posteriore
2697 2295 2907 2359 aetate,

454 2402 524 2459 ut
549 2393 619 2458 in
646 2393 826 2460 libris
860 2394 950 2460 de
979 2394 1418 2481 republica,
1448 2393 1539 2460 de
1584 2393 1925 2481 legibuS,
1952 2393 2047 2459 de
2091 2400 2431 2474 oratore,
2463 2389 2553 2456 de
2600 2388 2899 2456 deorum

452 2508 727 2577 natura
774 2498 877 2582 (ut
921 2505 1020 2563 est
1063 2497 1233 2584 apud
1267 2497 1748 2585 grammaticos)
1796 2497 1994 2563 multo
2041 2495 2364 2586 copiosius
2408 2501 2750 2583 usurpetur
2767 2513 2911 2579 pro-

453 2599 613 2684 fecto
644 2624 836 2689 quam
861 2601 928 2665 in
951 2599 1130 2666 libris
1177 2600 1255 2665 de
1298 2600 1610 2668 finibus
1657 2611 1768 2667 aut
1797 2600 1875 2667 de
1907 2599 2246 2682 officiis;
2277 2600 2432 2665 item
2458 2618 2563 2663 res
2610 2620 2680 2663 se
2723 2596 2918 2663 habet

448 2703 518 2767 in
574 2702 988 2770 orationibus
1081 2702 1426 2771 Latissime
1482 2715 1660 2792 patet
1702 2727 1855 2770 usus
1900 2705 1969 2770 in
2014 2704 2409 2771 orationibus
2453 2723 2571 2789 pro
2617 2699 2913 2766 Roscio

450 2806 831 2875 Amerino
879 2816 943 2875 et
983 2808 1051 2873 in
1079 2807 1396 2876 Verrem
1438 2809 1898 2894 habitiS,multo
1944 2809 2274 2895 angustius
2318 2807 2386 2873 in
2429 2804 2916 2894 posterioribuS,

448 2921 519 2977 ut
560 2912 623 2978 in
667 2911 1065 3000 Philippicis,
1112 2936 1276 3001 quae
1320 2921 1650 2997 vocantur,
1698 2912 2110 2980 orationibus.

468 3016 473 3023 ’
621 3012 814 3096 Quod
858 3015 940 3081 ad
967 3015 1270 3102 epistulas
1304 3017 1546 3100 attinet,
1593 3017 1711 3083 has
1757 3018 1933 3105 ipsas
1977 3015 2290 3106 particula
2316 3022 2540 3081 nostra
2584 3012 2916 3080 abundare

448 3117 513 3184 in
557 3127 859 3208 promptu
918 3128 1036 3201 est,
1100 3120 1272 3206 quod
1325 3121 1395 3186 in
1451 3121 1532 3187 iis
1576 3144 1708 3187 non
1750 3121 1929 3205 nihil,
1975 3120 2146 3208 quod
2179 3119 2464 3206 profecto
2491 3141 2621 3186 non
2662 3116 2914 3183 adiecto

447 3231 818 3309 arroganter
862 3222 1099 3288 dictum
1147 3223 1497 3290 existimari
1540 3224 1765 3314 possit,
1821 3248 1901 3291 ex
1951 3223 2328 3289 urbanitatis
2371 3221 2914 3309 humanitatisque

444 3326 691 3391 ratione
705 3324 830 3392 hac
843 3325 1158 3414 particula
1170 3327 1704 3413 mitigatur,sicuti
1719 3326 1955 3396 Graeci
1967 3328 2272 3393 adhibent
2282 3326 2542 3394 modum
2555 3325 2914 3413 optativum

446 3448 591 3494 cum
637 3428 705 3493 ἄν
751 3428 1068 3517 particula
1112 3430 1535 3495 coniunctum.
1600 3427 1794 3511 Quod
1823 3431 2055 3497 mirum
2084 3440 2392 3519 quantum
2415 3453 2494 3497 ea
2520 3452 2591 3496 re
2618 3436 2912 3518 compro--⁸

447 3534 647 3613 batur,
693 3532 883 3621 quod,
930 3531 1224 3619 quamvis
1270 3533 1503 3600 usitata
1546 3533 1632 3599 sit
1673 3533 1741 3599 in
1773 3535 2060 3623 epistulis
2090 3534 2421 3624 particula,
2464 3541 2689 3620 quarto
2736 3532 2908 3597 deci-

443 3656 548 3701 mo
607 3636 1020 3723 epistularum
1073 3635 1239 3702 libro
1295 3644 1360 3702 et
1415 3645 1598 3704 sexto
1645 3636 1892 3704 decimo
1935 3662 2019 3705 ne
2075 3637 2322 3704 semel
2377 3637 2637 3726 quidem
2679 3635 2909 3722 depre-

440 3738 737 3804 henditur
768 3738 1073 3825 profecta
1164 3740 1475 3829 Namque,
1533 3763 1699 3828 quae
1756 3741 1857 3807 his
1899 3742 2081 3808 libris
2128 3742 2548 3821 continentur,
2589 3738 2907 3829 epistulae

442 3842 628 3909 datae
716 3851 863 3908 sunt
948 3841 1031 3908 ad
1102 3841 1466 3909 Terentiam
1537 3868 1806 3912 uxorem
1873 3845 2243 3934 liberosque
2310 3853 2374 3911 et
2438 3844 2521 3910 ad
2584 3843 2899 3914 Tironem,

443 3944 773 4012 Ciceronis
845 3945 1161 4013 libertum.
1272 3943 1524 4027 Quodsi
1588 3948 1656 4013 in
1708 3949 1837 4015 illis
1885 3947 2114 4017 Cicero
2170 3973 2303 4016 non
2354 3971 2607 4037 semper
2652 3968 2907 4015 omnem

441 4049 828 4116 locutionem
873 4048 1205 4137 diligenter
1249 4050 1605 4139 perpendit,
1663 4061 1733 4117 ut
1781 4076 1863 4120 ne
1907 4052 2331 4129 verecundiae
2373 4054 2537 4120 fines
2581 4061 2912 4138 transgre-

348 4180 359 4191 ’
441 4152 669 4237 diatur,
713 4153 854 4241 quis
901 4162 1014 4227 est,
1056 4145 1173 4242 'qui
1213 4154 1308 4219 illi
1354 4154 1699 4244 opprobrio
1744 4157 1998 4223 vertat?

461 4280 471 4288 ·
556 4306 561 4309 -
606 4256 698 4322 Ut
753 4257 1043 4323 omittam
1088 4279 1197 4335 eas
1243 4259 1688 4346 proprietates,
1743 4282 1907 4347 quae
1955 4284 2036 4327 ex
2077 4261 2220 4351 ipsa
2264 4261 2357 4327 rei
2402 4269 2631 4327 nat-ura
2676 4277 2905 4324 conse-

438 4368 731 4448 quuntur,
794 4361 970 4427 velut
1033 4383 1188 4427 usus
1218 4408 1225 4415 -
1255 4362 1515 4428 alterius
1580 4385 1896 4450 personae
1961 4366 2030 4431 in
2075 4365 2385 4453 epistulis,
2461 4362 2738 4431 maxime
2806 4368 2912 4426 est

437 4463 852 4551 conspicuum
940 4466 1008 4533 in
1095 4465 1253 4552 ipsis
1345 4466 1740 4535 orationibus
1816 4470 2093 4555 profecto
2179 4491 2371 4558 saepe
2436 4471 2505 4536 in
2569 4464 2912 4533 irrealibus
