3142 5042
1383 206 1724 271 ..35-

490 424 712 491 ‘Ver-r.
758 427 829 505 3,
874 428 986 494 89:
1040 427 1321 514 profecto
1348 453 1698 518 numquam
1726 430 1849 496 iste
1875 439 2009 496 tam
2038 453 2259 498 amens
2280 429 2525 513 fuisset,
2555 443 2628 500 ut
2656 482 2671 499 .
2709 485 2726 503 .
2761 482 2777 500 .

205 520 209 524 ’
326 538 667 617 pateretur,
710 530 838 595 nisi
882 531 1090 598 omnis
1135 553 1212 597 ea
1252 532 1495 620 praeda
1536 581 1554 598 .
1590 584 1604 598 .
1637 581 1652 597 .
1695 534 2070 623 perveniret.

500 631 810 698 Cluent.
861 632 1015 699 160:
1059 634 1245 702 Haec
1289 636 1347 711 si
1390 636 1630 703 Accius
1677 644 1788 703 aut
1817 636 2225 723 cognovisset
2266 644 2377 701 aut
2411 637 2779 723 cogitasset,

324 736 602 817 profecto
644 757 727 801 ne
772 745 1036 804 conatus
1082 738 1340 826 quidem
1385 747 1556 805 esset
1601 739 1827 806 dicere.
2337 780 2342 784 ·

500 837 555 904 O
573 838 737 904 atil.
784 839 853 924 3,
879 840 992 905 22:
1023 848 1240 908 tantae
1269 865 1373 908 res
1404 841 1742 908 creditae.
1819 864 2213 928 ‚numquam
2243 851 2461 908 essent
2475 843 2783 928 profecto,

320 941 448 1006 nisi
493 994 506 1007 .
538 989 555 1004 .
585 992 600 1008 .
649 889 982 1010 consilium
1027 952 1202 1010 esset
1244 953 1546 1063 ereptum.

494 1044 879 1112 Arch.16:
927 1046 1035 1132 qui
1055 1047 1356 1131 profeciO,
1387 1047 1445 1113 si
1484 1048 1648 1113 nihil
1691 1048 1774 1115 ad
1817 1049 2294 1137 percipiendam
2324 1049 2781 1136 colendamque

326 1147 628 1213 virtutem
692 1147 919 1214 litteris
995 1147 1478 1234 adiuvarentur,
1544 1174 1896 1240 numquam
1952 1174 2021 1218 se
2089 1151 2172 1217 ad
2227 1175 2445 1220 earum
2500 1153 2783 1219 studium

323 1251 757 1317 contulissent.

491 1377 554 1440 p.
599 1353 758 1420 red.
808 1354 919 1419 11:
965 1354 1094 1420 nisi
1134 1356 1533 1443 rogationem
1579 1358 1659 1424 de
1703 1359 1972 1446 piratico
2014 1359 2182 1426 bello
2213 1358 2482 1443 tulisset,
2498 1359 2782 1442 profecto

325 1464 608 1543 egestate
653 1465 718 1523 et
758 1457 1169 1546 improbitate
1212 1468 1474 1526 coactus
1516 1461 1857 1549 piraticam
1898 1463 2039 1551 ipse
2081 1462 2357 1529 fecisset.

493 1557 703 1626 Cael.
759 1559 874 1625 69:
934 1560 1107 1647 quod
1168 1564 1451 1645 profecto
1513 1587 1865 1651 numquam
1929 1564 2264 1632 hominum
2320 1587 2530 1631 sermo
2590 1573 2780 1652 atque

322 1661 539 1749 opinio
626 1665 1141 1751 comprobasset,
1213 1665 1341 1730 nisi
1407 1667 1624 1733 omnia
1689 1718 1754 1738 ..
1788 1717 1803 1732 .
1857 1667 1927 1734 in
1978 1668 2170 1735 istam
2245 1668 2561 1755 quadrare
2634 1676 2781 1757 apte

322 1762 704 1831 viderentur.
2327 1836 2335 1842 .

489 1867 686 1934 Plan
700 1892 752 1936 c.
810 1870 925 1936 87:
990 1894 1143 1937 nam
1199 1871 1485 1953 profecto
1537 1896 1889 1963 numquam
1954 1872 2023 1937 id
2076 1873 2236 1938 mihi
2287 1874 2415 1963 ipsi
2472 1875 2779 1941 auxilium

320 1992 538 2035 meum
584 1970 910 2039 defuisset.

493 2073 652 2140 Mil.
699 2075 803 2146 61.
852 2070 1050 2142 'MiL
1096 2076 1196 2144 68.
1282 2078 1445 2164 Lig.
1496 2079 1598 2145 10.
1686 2078 1883 2145 Phil.
1929 2080 1992 2163 3,
2034 2079 2095 2144 6.

1105 2268 1289 2333 alteri
1332 2290 1648 2356 personae
1691 2268 2007 2336 additum:

494 2401 657 2466 Att.
702 2401 775 2486 3,
824 2403 934 2482 15,
979 2404 1050 2469 4:
1097 2404 1211 2472 sed
1242 2405 1529 2490 profecto
1588 2407 1644 2472 si
1687 2415 1994 2494 quantum
2036 2428 2140 2472 me
2186 2427 2364 2472 amas
2421 2413 2484 2471 et
2527 2403 2776 2486 amasti,

326 2511 573 2568 tantum
618 2527 832 2571 amare
879 2505 1146 2574 deberes
1192 2531 1268 2574 ac
1312 2508 1663 2584 debuisses,
1704 2503 2054 2597 numquam
2099 2532 2276 2576 esses
2320 2530 2573 2598 passus.

493 2627 601 2692 ep.
650 2606 714 2685 1,
760 2607 829 2683 9,
873 2610 988 2674 22:
1033 2633 1196 2697 quae
1225 2634 1330 2677 me
1357 2621 1715 2696 moverunt,
1741 2614 2098 2680 movissent
2127 2613 2353 2679 eadem
2380 2621 2445 2678 te
2473 2611 2777 2693 profecta.

491 2707 682 2775 Rab.
728 2710 840 2776 25:
901 2733 1029 2797 qua
1069 2713 1137 2777 in
1179 2735 1376 2779 causa
1416 2724 1551 2780 tute
1581 2715 1870 2797 profecto
1911 2715 2165 2800 fuisses,
2224 2717 2280 2782 si
2335 2738 2451 2803 per
2506 2722 2780 2780 aetatem

320 2832 460 2877 esse
503 2811 844 2898 potuisses.

489 2914 672 2981 Rab.
718 2916 821 2983 25.
867 2917 1040 3035 quod
1083 2926 1153 2984 tu
1197 2920 1255 2985 si
1308 2920 1601 2987 audisses
1644 2969 1663 2988 .
1695 2972 1708 2985 .
1741 2970 1787 3004 .,
1841 2945 2191 3010 numquam
2243 2920 2527 3002 profecto
2587 2920 2779 2985 istam

324 3015 666 3104 imaginem
716 3070 729 3083 .
764 3070 779 3085 .
813 3072 826 3085 .
872 3021 939 3086 in
981 3031 1193 3088 rostra
1236 3024 1578 3090 attulisses,

489 3119 712 3187 Verr.
758 3124 829 3208 3,
877 3125 1014 3191 134.
1100 3125 1301 3198 Phil.
1349 3127 1465 3210 11,
1509 3128 1612 3193 23.

515 3325 805 3409 Profecto
845 3329 916 3395 in
957 3331 1295 3399 irrealibus
1342 3333 1845 3417 condicionibuS,
1890 3356 2159 3421 quarum
2199 3330 2577 3419 hypothesis

1192 3454 1429 3541 pendet
1473 3477 1554 3520 ex
1610 3452 1913 3541 quodsi.

492 3625 602 3691 ep.
657 3603 731 3686 7,
780 3604 895 3688 10,
945 3605 1012 3671 1:
1060 3607 1290 3693 quodsi
1331 3608 1400 3674 in
1441 3607 1838 3675 Britanniam
1897 3629 2149 3694 quoque
2204 3604 2526 3692 profectus
2584 3626 2779 3689 esseS,

314 3705 618 3789 profecto,
661 3730 851 3775 nemo
895 3709 964 3774 in
1007 3709 1119 3774 illa
1162 3718 1340 3775 tanta
1381 3711 1594 3777 insula
1634 3709 1898 3799 peritior
1939 3718 2004 3774 te
2046 3707 2287 3773 fuisset.

489 3808 547 3878 d.
584 3810 729 3898 leg.
776 3834 870 3899 ag
890 3836 942 3876 r.
990 3812 1062 3895 2,
1108 3812 1222 3877 89;
1254 3812 1484 3900 quodsi
1512 3813 1789 3879 maiores
1819 3812 2023 3878 nostri
2052 3810 2528 3877 existimassent
2555 3834 2779 3898 quem-

330 3933 525 3999 quam
570 3961 586 3977 .
621 3961 637 3977 .
678 3960 695 3977 .
746 3913 819 3980 P.
864 3914 1039 3981 Rulli
1104 3915 1377 3982 similem
1432 3916 1715 3981 futurum
1771 3967 1788 3981 .
1821 3965 1838 3983 .
1877 3965 1913 3995 .‚
1965 3915 2250 3997 profecto
2311 3938 2546 3984 nomen
2607 3916 2777 3980 illius

313 4012 493 4080 urbis
537 4037 667 4081 non
709 4016 1136 4104 reliquissent.

489 4115 683 4182 Mur.
732 4118 838 4184 17:
898 4121 1130 4209 quodsi
1174 4121 1242 4187 id
1282 4121 1522 4188 crimen
1549 4121 1796 4187 homini
1824 4143 1994 4187 novo
2027 4141 2170 4186 esse
2200 4119 2460 4186 deberet
2462 4118 2780 4202 ,profecto

317 4219 481 4285 mihi
523 4242 731 4308 neque
773 4221 1036 4309 inimici,
1076 4247 1285 4312 neque
1328 4223 1530 4290 invidi
1575 4223 1943 4290 defuissent.

484 4322 689 4393 Phil.
741 4323 970 4406 1,12.
1021 4325 1251 4414 quodsi
1296 4328 1542 4411 scisset,
1583 4350 1774 4416 quam
1807 4326 2186 4392 sententiam
2217 4326 2500 4427 dicturus
2546 4346 2776 4408 essem,

322 4425 681 4493 remisisset
723 4373 963 4514 aliquid
992 4429 1284 4511 profecto
1329 4430 1407 4497 de
1453 4430 1794 4498 severitate
1837 4430 2124 4517 cogendi.
2360 4531 2427 4586 3*
