3142 5042
1409 195 1754 262 ...48-

554 420 629 485 In
686 430 970 485 extrema
1020 417 1144 484 hac
1195 418 1274 484 de
1327 419 1590 486 notione
1642 419 2048 506 potissimum
2099 420 2389 487 instituta
2443 422 2814 508 quaestione

360 543 482 588 eos
541 532 671 588 tres
724 522 904 588 locos
963 520 1322 588 afferendos
1388 541 1650 605 censeo,
1714 522 1947 610 quibus
2013 521 2350 589 adhibetur
2401 525 2683 607 profecto
2743 526 2814 592 in

364 623 757 709 gradatione.
846 624 994 690 Hac
1035 624 1282 691 ratione
1325 647 1587 713 perraro
1633 626 1931 713 usurpari
1972 626 2349 714 particulam
2392 628 2671 695 maxime
2716 636 2815 695 est

357 736 882 809 consentaneum,
948 750 1093 794 cum
1157 737 1408 793 ceterae
1473 727 1837 794 affirmandi
1902 728 2251 816 particulae
2315 728 2504 796 huius
2568 730 2811 818 figurae

350 829 651 915 potestati
694 830 894 897 multo
940 831 1148 920 aptius
1192 829 1640 919 respondeant.
1730 829 1861 899 Sed
1904 838 2046 897 utut
2085 853 2191 897 res
2236 854 2307 899 se
2361 833 2583 918 habet,
2636 833 2812 900 nulla

355 954 553 1020 opera
595 955 815 998 veram
861 933 1392 1019 significationem
1435 934 1815 1023 aperiemus.

523 1036 743 1102 Tusc.
791 1037 822 1099 1
843 1084 860 1118 ‚
906 1037 1025 1102 60:
1071 1037 1130 1102 si
1173 1036 1327 1123 quid
1372 1037 1470 1116 sit,
1514 1036 1637 1103 1100
1676 1061 1809 1103 11011
1851 1036 2052 1116 vides,
2096 1045 2164 1103 at
2217 1039 2404 1127 quale
2459 1040 2571 1123 sit,
2627 1039 2808 1105 vides

351 1139 406 1203 si
449 1161 532 1203 ne
573 1137 641 1202 id
684 1139 958 1225 quidem,
1002 1147 1068 1204 at
1110 1148 1416 1227 quantum
1460 1139 1560 1224 sit,
1597 1139 1881 1221 profecto
1923 1140 2125 1207 vides.

523 1241 581 1306 d.
628 1264 727 1307 or.
778 1243 843 1321 1,
892 1243 1003 1306 76:
1050 1241 1167 1307 sed
1210 1242 1285 1326 is,
1330 1243 1387 1308 si
1431 1243 1542 1331 qui
1585 1253 1759 1324 esset
1785 1252 1896 1310 aut
1937 1244 1995 1309 si
2028 1244 2224 1311 etiam
2250 1266 2557 1331 umquam
2583 1244 2812 1310 fuisset

351 1353 461 1410 aut
503 1367 679 1427 vem,
726 1345 781 1410 si
827 1366 969 1411 esse
1013 1358 1250 1434 posset,
1293 1355 1364 1411 111
1408 1368 1585 1412 08808
1631 1368 1795 1413 1111118
1828 1347 2129 1432 profecto.

521 1446 730 1529 Quin
746 1455 836 1513 ct.
883 1447 1000 1514 40:
1050 1447 1107 1512 si
1150 1447 1492 1535 debuisset,
1536 1448 1751 1535 Sexte,
1794 1451 2068 1538 petisses
2126 1460 2191 1518 et
2244 1449 2518 1540 petisses
2574 1450 2808 1534 statim,

350 1552 406 1616 si
447 1574 580 1616 non
624 1551 856 1629 statim,
900 1551 1092 1639 paulo
1139 1550 1397 1638 quidem
1439 1561 1620 1640 post3
1667 1554 1723 1618 si
1764 1577 1896 1620 non
1925 1554 2248 1641 paulo,.at
2285 1554 2645 1641 aliquant03
2692 1575 2809 1619 sex

352 1654 609 1742 quidem
641 1654 770 1719 illis
797 1655 1128 1721 mensibus
1148 1653 1471 1739 profecta·
1500 1677 1668 1722 anno
1700 1665 1989 1723 vertente
2019 1657 2190 1723 sine
2219 1656 2802 1724 controversia.

519 1755 592 1824 Si
625 1757 911 1842 profecto
952 1755 1125 1824 idem
1170 1767 1360 1846 atque
1402 1766 1657 1825 »certe«
1699 1759 2113 1846 significaret,
2178 1760 2401 1827 fierine
2443 1766 2678 1849 potest,
2737 1766 2808 1823 ut

350 1861 762 1949 sequentibus
807 1859 985 1927 »81110
1028 1861 1507 1929 controversia<
1548 1861 1865 1929 sententia
1907 1862 2256 1950 augeatur?
2332 1864 2443 1929 An
2510 1861 2808 1928 differunt

347 1964 517 2029 inter
559 1986 630 2030 80
675 1964 999 2052 aliquanto
1044 1974 1297 2031 »certe«
1341 1973 1405 2032 et
1447 1965 1627 2031 »sine
1668 1966 2194 2032 controversiad'

518 2066 645 2134 His
688 2066 849 2133 locis
909 2067 1242 2154 diligenter
1305 2069 1638 2156 perpensis
1708 2091 2019 2157 apparere
2084 2068 2363 2147 videtur,
2424 2067 2578 2157 quid
2639 2067 2806 2134 inter

350 2199 377 2229 »
394 2179 565 2238 certe
581 2198 608 2227 «
653 2179 718 2235 01
748 2170 1033 2255 profecto
1073 2171 1327 2237 intersit
1369 2181 1433 2237 et
1474 2194 1641 2258 quae
1694 2170 1884 2237 huius
1945 2172 2027 2238 sit
2082 2194 2237 2239 vera
2289 2172 2664 2259 integraque
2716 2170 2802 2236 si-

349 2273 688 2358 gnificatio.
775 2276 870 2340 At
911 2273 1134 2359 quidni
1176 2276 1378 2341 verba
1417 2275 1691 2342 facimus
1738 2274 1816 2340 de
1882 2276 2339 2364 particularum
2395 2273 2680 2360 profecto
2737 2281 2799 2338 et

349 2376 687 2442 »hercule«
713 2376 1121 2443 discrimine?
1141 2377 1292 2443 Hoc
1316 2401 1635 2464 exponere
1675 2378 1823 2444 ideo
1871 2388 1970 2447 est
2013 2399 2580 2468 supervacaneum,
2631 2373 2792 2463 quod

353 2476 542 2565 vulgo
587 2488 838 2545 »certe«
867 2488 931 2546 et
948 2480 1232 2566 profecto
1253 2480 1612 2568 promiscue
1640 2482 1940 2570 usurpari
1968 2481 2327 2565 creduntur,
2356 2479 2435 2546 de
2464 2477 2799 2547 »hercule«

354 2604 508 2649 vero
554 2591 1033 2671 ceterarumque
1060 2584 1128 2650 id
1156 2606 1357 2670 genus
1390 2585 1762 2652 vocularum
1800 2584 2064 2652 notione
2090 2584 2161 2650 in
2188 2583 2560 2651 universum
2584 2601 2805 2648 omnes

350 2683 772 2765 consentiunt,
816 2687 943 2752 nisi
989 2687 1177 2775 quod,
1220 2699 1292 2753 ut
1333 2709 1529 2776 supra
1570 2688 1914 2775 attigimus,
1956 2716 1984 2746 »
1999 2695 2064 2754 01
2094 2676 2424 2773 profecto&
2467 2694 2657 2772 atque
2699 2711 2727 2742 »
2743 2691 2808 2749 01

346 2787 648 2855 hercule«
693 2811 807 2877 per
850 2811 1132 2857 errorem
1174 2799 1664 2859 commutantur.

1504 2999 1544 3084 ξ
1589 2999 1648 3064 5.

817 3139 925 3207 De
958 3143 1324 3223 profecto
1365 3138 1771 3227 particulae
1816 3136 2315 3207 collocatione.

563 3305 775 3388 Quam
844 3307 1102 3375 difficile
1147 3309 1232 3374 sit
1273 3317 1479 3374 certas
1535 3307 1849 3396 quasdam
1893 3308 2072 3393 leges
2130 3304 2516 3372 constituere
2533 3353 2553 3386 ,
2608 3324 2801 3392 quam

348 3408 566 3475 sedem
633 3409 919 3476 obtineat
970 3411 1274 3496 profecto,
1349 3411 1663 3496 sig-nificat
1734 3410 1949 3492 Hm),
2022 3431 2167 3476 cum
2243 3408 2444 3474 dicat:
2529 3407 2801 3485 »Locus,

350 3534 539 3599 quem
582 3513 898 3602 particula
938 3513 1006 3580 in
1052 3514 1383 3581 sententiis
1429 3513 1794 3596 obtinuerit,
1836 3535 2029 3600 saepe
2072 3511 2308 3579 criticis
2340 3510 2802 3585 dubitationem

347 3615 575 3681 attulit.
662 3616 775 3683 Ei.
801 3640 956 3686 vero
1010 3618 1351 3701 vocobulo,
1408 3616 1582 3706 quod
1644 3616 1925 3683 maxime
1986 3613 2436 3681 affirmandum
2502 3623 2629 3688 est.
2692 3621 2804 3678 aut

345 3742 423 3806 pr
431 3720 680 3785 aecedit
720 3729 831 3786 aut
877 3722 1210 3807 sequitum
1295 3719 1706 3807 Quamquam
1759 3719 1984 3805 negari
2036 3717 2259 3807 nequit
2315 3717 2801 3786 collocationem

347 3822 696 3908 particulae
741 3822 825 3889 ad
877 3824 1146 3891 rationis
1211 3838 1555 3913 praecepta
1603 3845 1909 3892 revocare
1974 3821 2288 3889 incertum
2353 3842 2520 3904 esse,
2584 3828 2802 3887 tamen

351 3924 648 3992 omnibus
690 3927 852 3994 locis
898 3927 1318 3994 consideratis
1364 3927 1422 3993 si
1462 3950 1594 3994 non
1623 3935 1832 3994 certas
1861 3926 2056 4013 legeS,
2086 3933 2155 3990 at
2194 3933 2409 3991 tamen
2438 3922 2794 4010 singulares

346 4029 791 4117 proprietates,
862 4053 1028 4118 quae
1069 4030 1243 4097 haud
1309 4030 1442 4097 scio
1511 4053 1596 4097 an
1661 4028 1896 4096 criticis
1963 4027 2398 4097 adiumentum
2468 4023 2800 4112 quoddam

346 4130 634 4216 afferant,
679 4132 986 4219 indagare
1029 4134 1423 4201 conabimur.

515 4237 619 4301 Ac
660 4236 938 4322 primum
981 4237 1238 4325 quidem
1280 4237 1718 4318 ostendamus,
1764 4235 2084 4323 quomodo
2128 4233 2348 4302 Hmm
2387 4237 2801 4323 praeceptum

349 4336 604 4406 vacillet
643 4338 1018 4428 titubetque.
1119 4339 1249 4422 Qui
1293 4340 1468 4429 quod
1520 4340 1709 4406 docet
1764 4347 1829 4405 et
1890 4336 2272 4427 praecedere
2338 4346 2406 4403 et
2457 4333 2802 4403 succedere

348 4441 510 4523 voci,
556 4464 719 4529 quae
761 4446 1043 4512 maxime
1087 4445 1171 4511 sit
1213 4443 1615 4526 affirmanda,
1669 4442 2047 4533 particulam
2081 4440 2391 4529 profecto,
2441 4462 2574 4506 non
2625 4444 2803 4504 recte
