3142 5042
1228 226 1575 292 ...33-

340 447 505 514 Mil.
553 448 625 515 2:
692 447 808 513 sed
849 472 955 516 me
996 457 1245 516 recreat
1284 449 1548 537 Pompei
1594 498 1612 516 .
1658 499 1673 515 .
1724 499 1739 515 .
1784 451 2142 534 consilium,
2201 452 2312 538 qui
2333 459 2340 465 '
2351 453 2630 538 profecto

168 574 294 617 nec
352 550 610 616 iustiiae
667 573 821 617 suae
872 560 1126 641 putaret
1166 574 1310 619 esse
1357 602 1373 618 .
1416 600 1434 618 .
1482 603 1496 618 .
1545 553 1833 620 eumdem
1875 554 2020 620 telis
2063 554 2335 620 militum
2381 555 2629 624 dedere.

339 653 606 720 Deiot-
652 654 767 720 23:
814 677 1003 741 quem
1043 656 1380 741 profecto.
1424 709 1437 723 .
1482 704 1498 722 .
1546 657 1604 722 si
1643 665 1883 736 nosset,
1933 665 2378 725 contemneret

479 779 626 823 cum
670 758 872 824 altera
912 781 1191 847 persona
1233 760 1669 826 coniunctum:

339 859 401 926 d.
448 883 553 926 or.
602 861 634 924 1
654 910 672 942 ,
720 861 833 926 76:
892 861 1007 929 sed
1050 862 1124 942 is,
1171 863 1229 928 si
1271 863 1381 950 qui
1425 863 1617 929 etiam
1662 885 1961 949 umquam
2003 862 2233 930 fuisset
2292 873 2402 931 aut
2452 886 2628 947 vero,

171 964 226 1029 si
270 984 421 1030 esse
463 972 702 1050 posset,
743 972 813 1029 tu
859 986 1035 1031 esses
1079 988 1244 1031 unus
1284 966 1583 1050 profecto,

337 1065 406 1132 d.
451 1066 511 1131 d.
557 1074 707 1133 nat.
754 1068 810 1145 1,
855 1068 970 1133 54:
1017 1067 1194 1134 cuius
1241 1068 1360 1155 (sc.
1395 1068 1521 1151 dei)
1552 1091 1815 1157 operam
1839 1069 2118 1155 profecto
2143 1093 2276 1136 non
2306 1069 2631 1137 desidera·

178 1170 339 1252 retis,
391 1168 449 1234 si
490 1169 874 1237 immensam
917 1220 932 1235 .
977 1221 990 1234 .
1040 1220 1053 1235 .
1098 1172 1604 1258 magnitudinem
1647 1172 1981 1258 regionum
2023 1173 2345 1240 videretis,

336 1273 502 1338 Att.
549 1274 607 1350 2,
655 1272 753 1352 19,
802 1276 870 1339 1:
917 1296 1030 1339 cur
1074 1298 1205 1340 non
1249 1273 1451 1341 ades?
1495 1275 1655 1341 nihil
1699 1286 1762 1341 te
1806 1276 2198 1362 praeteriret.

335 1375 500 1441 Ros
519 1397 570 1441 c.
617 1377 736 1440 50:
794 1377 1057 1456 etenim,
1101 1377 1213 1464 qui
1263 1400 1568 1465 praeesse
1608 1401 1765 1464 agro
1812 1379 2077 1445 colendo
2106 1379 2415 1466 flagitium
2444 1387 2630 1467 putes

179 1479 447 1561 profecto
514 1477 693 1544 illum
737 1479 1005 1547 Atilium
1066 1531 1080 1545 .
1130 1531 1144 1546 .
1194 1530 1207 1546 .
1252 1481 1577 1547 hominem
1620 1482 2062 1569 turpissimum
2108 1531 2123 1547 .
2173 1531 2189 1547 .
2237 1530 2253 1546 .
2296 1481 2632 1547 iudicares.

340 1581 555 1650 Verr.
622 1583 681 1661 3,
748 1583 861 1649 52:
913 1584 1219 1665 profecta
1267 1607 1657 1672 quamquam
1723 1608 1792 1651 es
1862 1585 2168 1671 singulari
2242 1584 2630 1663 crudelitate,

181 1692 384 1749 tamen
414 1684 531 1750 abs
562 1695 625 1750 te
653 1694 855 1751 totam
884 1686 1150 1752 alienari
1176 1687 1579 1775 provinciam
1607 1687 1830 1767 nolleS,
1860 1687 1988 1753 nisi
2019 1688 2186 1755 hanc
2215 1688 2530 1754 rationem
2553 1734 2570 1754 .
2587 1737 2629 1755 ..

185 1787 477 1872 pecuniae
521 1787 838 1875 cupiditas
887 1837 903 1855 .
950 1840 964 1855 .
1012 1838 1027 1856 .
1074 1801 1424 1879 superaret.

348 1889 404 1954 d.
464 1889 691 1956 domo
738 1891 857 1956 84:
913 1893 1024 1980 qui
1068 1892 1124 1960 si
1167 1894 1433 1977 viveret,
1478 1904 1547 1959 tu
1576 1894 1863 1976 profecto
1912 1918 2045 1960 non
2086 1894 2363 1963 vivereS.

351 1994 405 2058 d.
446 2017 660 2081 prov.
708 1998 1005 2062 consul.
1056 1996 1123 2063 l:
1169 2020 1245 2064 ac
1290 1998 1347 2062 si
1390 1997 1692 2086 princeps
1737 2020 1881 2064 eam
1923 1997 2302 2063 sententiam
2334 1995 2630 2074 dicerem,

196 2095 516 2163 laudaretis
598 2097 896 2185 profecto,
962 2100 1020 2165 si
1085 2100 1282 2183 solue,
1343 2110 1565 2168 certe
1622 2100 2059 2188 ignosceretis.
2148 2099 2253 2183 (de
2306 2099 2435 2166 hoc
2485 2099 2630 2166 loco

196 2198 401 2265 videas
438 2200 625 2288 paulo
668 2201 986 2289 inferius.)

474 2304 728 2370 Primae
771 2327 1082 2390 personae
1125 2306 1447 2373 additum:

347 2405 402 2470 d.
457 2430 561 2473 or.
632 2408 692 2489 3,
749 2408 903 2475 215:
964 2408 1078 2474 sed
1135 2432 1229 2488 ea,
1283 2410 1338 2476 si
1395 2409 1552 2475 satis
1597 2409 1667 2474 in
1710 2408 1958 2476 actione
2003 2408 2286 2474 efficeret
2327 2407 2471 2494 ipsa
2514 2429 2630 2492 per

196 2527 279 2588 se,
319 2518 443 2575 arte
482 2511 759 2594 profecto
799 2535 932 2577 non
968 2534 1316 2600 egeremus.

354 2611 500 2676 Att.
534 2614 631 2691 10,
663 2615 757 2694 11,
789 2615 860 2680 3:
903 2638 1053 2681 nam
1084 2638 1234 2682 suas
1262 2616 1513 2683 radices
1543 2615 1801 2696 habent,
1846 2638 2006 2702 quas
2036 2623 2252 2680 tamen
2283 2613 2629 2680 evellerem

185 2711 466 2794 profecta
524 2714 581 2780 si
618 2716 846 2784 liceret.

344 2815 559 2885 Rosc.
605 2819 757 2886 101:
806 2819 1094 2906 Profecto
1136 2845 1269 2891 non
1309 2823 1442 2887 tam
1471 2821 1806 2910 perspicue
1849 2842 1969 2887 nos
2016 2820 2287 2886 istorum
2309 2818 2630 2884 maleficia

188 2916 552 3001 videremuS,
594 2922 723 2989 nisi
763 2924 942 3013 ipsos
989 2946 1218 2993 caecos
1262 2924 1558 2991 redderet
1601 2924 1937 3012 cupiditas.

343 3021 552 3089 Font.
609 3025 724 3092 33:
781 3027 951 3113 quod
1010 3051 1127 3114 ego
1181 3027 1459 3113 profecto
1511 3051 1646 3093 non
1688 3027 2031 3105 crederem,
2074 3024 2201 3091 nisi
2246 3023 2629 3111 aliquotiens

201 3143 273 3188 ex
307 3124 448 3207 ipsis
494 3130 973 3196 accusatoribus
1021 3180 1037 3197 .
1083 3173 1101 3191 .
1144 3178 1160 3195 .
1205 3130 1546 3197 audissem.

340 3227 537 3296 Phil.
592 3232 653 3310 5,
696 3233 812 3298 30:
869 3232 984 3299 sed
1037 3243 1251 3302 tamen
1315 3234 1372 3305 si
1417 3257 1499 3305 ex
1542 3256 1620 3300 eo
1665 3243 1950 3321 tempore
1995 3231 2129 3297 dies
2173 3230 2385 3295 nullus
2429 3229 2628 3295 inter-

181 3329 398 3397 missus
443 3344 637 3417 esset,
685 3335 922 3405 bellum
960 3337 1240 3422 profecto
1292 3338 1538 3403 nullum
1580 3336 1984 3404 haberemuS.

330 3434 531 3514 Phil,
578 3437 639 3515 5,
687 3438 799 3505 51:
847 3439 1018 3525 quod
1060 3439 1337 3525 profecto
1391 3463 1536 3506 cum
1580 3463 1683 3506 me
1726 3441 1903 3506 nulla
1946 3438 2045 3505 vis
2094 3445 2366 3523 cogeret,
2411 3436 2626 3501 facere

183 3558 299 3603 non
339 3540 662 3607 auderem.

325 3644 391 3709 A
418 3651 508 3708 tt.
558 3644 621 3726 2,
680 3644 779 3723 16,
823 3645 894 3710 3:
947 3645 1178 3733 quodsi
1220 3646 1290 3712 in
1334 3669 1475 3713 eam
1518 3668 1623 3712 me
1666 3653 1915 3732 partem
1958 3643 2309 3721 incitarem,
2348 3641 2629 3725 profecto
2705 3634 2710 3640 ’

181 3738 288 3810 iam
340 3745 629 3833 aliquam
669 3747 1018 3835 reperirem
1058 3748 1401 3825 resistendi
1440 3749 1636 3816 viam.

337 3846 676 3929 Quoniam
778 3871 1001 3916 omnes
1076 3850 1502 3931 condicioneS,
1571 3852 1642 3916 in
1715 3851 1947 3938 quibus
2017 3847 2382 3933 »profecto«
2483 3869 2630 3914 cum

187 3950 609 4021 condicionali
633 3953 829 4020 modo
872 3953 1081 4043 primo
1127 3954 1325 4040 (coni,
1368 3954 1757 4041 imperfecti)
1789 3952 2209 4038 coniungitur,
2234 3950 2634 4017 enumeravi-

159 4072 328 4136 muS‚
387 4076 636 4143 paucos
709 4056 932 4138 10008,
993 4056 1225 4143 quibus
1280 4067 1528 4124 »certe«
1584 4058 1876 4124 similiter
1931 4063 2308 4144 usurpatum
2362 4052 2632 4133 videtur,

28 4222 29 4225 ,
155 4152 521 4240 afferamus,
582 4180 709 4244 quo
769 4158 1028 4226 facilius
1071 4159 1519 4258 particularum
1574 4171 1792 4229 certe
1857 4168 1921 4227 et
1968 4157 2250 4241 profecto
2294 4156 2633 4239 discrimen

153 4276 222 4323 co
313 4269 597 4327 oscatur.

224 4279 431 4431 gnAd
476 4363 755 4430 eu‘ndem
801 4364 1236 4450 Dolabellam,
1285 4368 1462 4434 cuius
1509 4391 1706 4454 supra
1747 4366 2036 4454 pluribus
2085 4338 2300 4430 verbis
2343 4361 2619 4427 mentio·

148 4483 291 4530 nem
334 4465 634 4546 fecimus,
680 4467 1016 4555 epistulam
1062 4467 1408 4556 quamdam
1466 4494 1575 4557 ep.
1635 4469 1748 4550 11,
1807 4470 1845 4533 9
1865 4520 1883 4552 ,
1943 4469 1978 4532 1
2033 4463 2501 4621 dedit3Cicero,
2555 4465 2624 4530 in
