3142 5042
1333 235 1674 299 ..17-

446 456 582 537 Qui
627 457 912 524 retinent
960 457 1356 524 enuntiatum
1401 458 1741 526 relativum
1757 510 1773 542 ,
1823 459 1949 526 hoc
1977 459 2135 525 ideo
2178 456 2477 524 videntur
2518 456 2732 522 facere

245 560 450 646 ‚quod
502 583 667 647 quae
720 570 1070 647 sequuntur
1113 563 1312 628 verba
1369 562 1522 628 »ubi
1565 562 1738 628 enim
1778 563 1939 628 mihi
1980 571 2237 651 praesto
2280 560 2555 627 fuissent
2598 608 2614 626 .
2648 609 2663 624 .
2704 585 2735 619 «ε

270 686 404 728 non
468 662 780 746 habeant,
858 687 986 751 quo
1050 664 1181 729 sint
1241 663 1607 733 referendat
1675 666 1928 732 cuinam
1989 664 2314 731 enuntiato
2379 687 2497 750 per
2560 663 2733 729 enim

272 766 575 831 voculam
644 767 906 833 affertur
964 790 1161 834 causa
1226 768 1541 833 sententia
1605 768 1876 835 relativa
1938 767 2234 833 sublata?
2313 766 2404 833 At
2471 767 2580 852 qui
2641 766 2733 832 ita

272 878 813 954 argumentantur,
857 893 1205 959 permagno
1252 880 1544 937 tenentur
1588 894 1802 938 errore
1847 872 1926 938 de
1969 870 2504 939 condicionalium
2530 892 2732 936 enun-

274 971 586 1041 tiatorum
628 996 784 1039 vera
824 974 1209 1062 propriaque
1252 984 1499 1058 natura,
1544 985 1618 1041 ut
1659 975 2043 1040 arbitrentur
2087 973 2349 1040 irreales
2382 973 2731 1039 sententias

273 1097 349 1140 re
393 1082 458 1140 ct
498 1076 765 1143 veritate
810 1098 954 1143 esse
998 1076 1426 1145 condiciones,
1502 1076 1636 1145 Sed
1665 1077 1955 1166 quisquis
1986 1101 2123 1144 rem
2154 1076 2343 1165 paulo
2376 1076 2730 1142 accuratius

277 1178 735 1265 contemplatus
793 1179 931 1262 erit,
988 1179 1126 1246 sine
1182 1180 1376 1247 dubio
1436 1181 1745 1248 concedet
1800 1181 2268 1247 enuntiationes
2324 1179 2468 1244 illas
2522 1178 2734 1245 forma

280 1280 492 1367 potius
539 1304 733 1369 quam
777 1305 972 1349 sensu
1012 1283 1077 1347 in
1125 1282 1673 1350 condicionalibus
1719 1307 1863 1351 esse
1905 1282 2353 1350 numerandas.

443 1384 746 1451 Pluribus
800 1385 969 1452 hanc
1026 1386 1482 1471 quaestionem,
1540 1410 1705 1474 quae
1758 1397 1937 1475 patet
1988 1387 2298 1453 latissime
2342 1385 2731 1471 maximique

272 1495 373 1551 est
413 1488 741 1570 momenti,
785 1497 1060 1553 tractare
1103 1487 1366 1574 longum
1408 1500 1522 1569 est,
1568 1512 1764 1576 quare
1804 1491 1874 1556 id
1917 1500 2197 1558 statuere
2241 1489 2399 1555 satis
2433 1488 2555 1555 erit
2582 1510 2728 1554 con-

269 1589 623 1658 iunctivum
669 1591 995 1678 praeteriti
1060 1620 1087 1650 x>
1102 1591 1389 1659 viderem
1404 1621 1431 1650 «
1476 1593 1616 1660 sive
1659 1594 1872 1682 potius
1917 1594 2180 1660 modum
2224 1590 2731 1659 condicionalem

271 1693 599 1759 continere
639 1697 1062 1781 negationem,
1110 1718 1303 1782 quam
1345 1697 1608 1783 ignarus
1654 1696 1914 1783 quidam
1958 1697 2172 1763 scriba
2215 1695 2489 1762 seorsim
2518 1694 2730 1781 expri-

269 1796 574 1863 mendam
614 1797 935 1865 iudicavit.
1010 1796 1196 1879 Quae
1223 1799 1291 1865 in
1323 1800 1764 1879 controversia
1791 1810 1958 1883 sunt,
1986 1800 2080 1865 ita
2107 1798 2434 1866 reddenda
2465 1821 2725 1864 censeo:

267 1899 471 1965 Diese
538 1900 919 1988 Niederlage
982 1902 1095 1967 der
1161 1900 1597 1970 Staatsfeinde
1648 1903 1844 1986 hatte,
1900 1903 2022 1969 wie
2073 1903 2181 1968 ich
2236 1901 2406 1968 offen
2448 1901 2727 1986 gestehe,

266 2003 524 2070 meinen
566 2003 831 2085 Beifall3
889 2003 1055 2070 doch
1109 2006 1311 2072 leider
1364 2029 1499 2072 war
1552 2006 1704 2073 kein
1757 2006 1943 2071 Ende
2000 2004 2324 2071 abzusehn
2374 2004 2444 2069 in
2487 2004 2729 2070 diesem

265 2106 568 2194 Kampfe.
653 2106 849 2173 Denn
892 2106 1056 2173 dazu
1095 2107 1338 2176 fehlten
1378 2109 1505 2174 mir
1546 2132 1621 2175 so
1667 2108 2037 2195 energische
2084 2108 2373 2176 Consuln
2419 2116 2534 2174 etc.

446 2208 614 2277 Cum
654 2209 799 2299 plus
842 2210 1011 2277 iusto
1056 2211 1181 2277 hoc
1222 2211 1366 2279 loco
1412 2213 1789 2279 commorati
1835 2234 1978 2278 esse
2024 2210 2409 2299 quibusdam
2449 2209 2728 2275 fortasse

267 2312 622 2395 videamur,
680 2336 756 2380 eo
813 2314 1075 2381 brevius
1117 2314 1299 2380 illum
1340 2316 1778 2399 tractabimus,
1834 2339 1960 2403 quo
2012 2314 2326 2381 Murum
2367 2313 2683 2399 »profecto
2699 2341 2727 2370 «

271 2439 418 2481 cum
460 2416 801 2503 praeterito
847 2419 1254 2484 coniunctum
1293 2420 1424 2507 legi
1466 2420 1633 2485 vult:
1703 2443 1807 2485 or.
1842 2444 1981 2508 pro
2026 2417 2411 2499 Quinctio
2457 2417 2560 2498 39,
2614 2416 2727 2481 ubi

274 2517 538 2583 dimidia
566 2541 717 2605 pars
749 2519 1040 2587 codicum
1083 2521 1194 2587 »id
1223 2522 1344 2588 erit
1369 2523 1657 2611 profecto
1676 2551 1733 2602 «,
1779 2522 2044 2590 dimidia
2086 2522 2197 2586 »id
2231 2531 2367 2587 erat
2392 2519 2681 2607 profecto
2697 2547 2725 2576 «

273 2616 545 2685 exhibet.
661 2617 912 2700 Quodsi
967 2623 1280 2689 Momm
1339 2626 1624 2691 animum
1676 2624 1929 2692 induxit
1984 2625 2054 2690 in
2118 2632 2297 2689 tanta
2370 2633 2727 2689 ceterorum

273 2721 558 2787 omnium
599 2722 887 2788 locorum
920 2723 1348 2813 discrepantia
1374 2727 1544 2794 hanc
1572 2729 1897 2817 praeferre
1926 2728 2285 2806 lectionem,
2315 2738 2450 2794 tam
2480 2726 2724 2791 alienae

273 2834 627 2891 structurae
691 2824 837 2891 ideo
910 2825 1255 2895 indulsisse
1318 2831 1589 2914 videtur,
1636 2832 1808 2920 quod
1853 2842 1918 2899 et
1960 2854 2041 2897 ex
2083 2830 2537 2897 sententiarum
2579 2829 2723 2916 ipso

270 2948 518 2993 conexu
559 2928 843 2994 futurum
884 2928 992 2996 hic
1031 2928 1187 2996 ferri
1215 2955 1345 2998 non
1380 2957 1575 3021 posse
1605 2945 1872 3023 apparet
1899 2944 1964 3000 et
1990 2933 2163 3023 quod
2196 2932 2723 3021 praecedentibus

269 3030 548 3118 quinque
578 3040 690 3097 aut
713 3032 938 3099 saltem
969 3034 1176 3100 tribus
1206 3036 1568 3122 praeteritis
1602 3038 1909 3104 orationis
1943 3036 2364 3125 aequabilitas
2395 3034 2723 3101 concinni-

265 3143 493 3220 tasque
545 3133 988 3223 imperfectum
1043 3137 1384 3222 desiderat,
1445 3140 1575 3205 nisi
1626 3139 1793 3206 forte
1847 3151 2049 3207 totam
2104 3138 2488 3205 sententiam
2542 3136 2723 3202 salvo

267 3257 462 3301 sensu
502 3258 815 3304 remmus

437 3337 624 3420 Quae
689 3363 834 3408 cum
898 3341 991 3408 ita
1056 3343 1202 3426 sint,
1265 3345 1613 3412 tenendum
1666 3355 1770 3414 est
1809 3347 1898 3430 id,
1954 3347 2127 3435 quod
2171 3369 2366 3435 supra
2414 3345 2720 3410 diximus:

263 3442 641 3529 particulam
700 3444 987 3526 profecto
1057 3470 1188 3513 non
1258 3448 1384 3513 nisi
1470 3450 1912 3535 praesenti,
1985 3450 2379 3540 perfecto,
2452 3447 2721 3513 futuro

265 3545 594 3632 coniungi3
640 3546 960 3632 quomodo
983 3548 1072 3642 ‘id
1114 3550 1246 3632 fiat,
1290 3574 1462 3618 nunc
1507 3553 1987 3641 explicabimus.

436 3647 651 3729 Quam
706 3673 838 3715 non
896 3679 923 3709 »
928 3651 1254 3736 profecto«
1316 3655 1401 3720 sit
1456 3655 1928 3735 affirmativum,
1986 3654 2502 3733 luculentissime,
2574 3653 2722 3718 inde

269 3751 667 3838 perspicitur,
711 3753 885 3839 quod
927 3776 1009 3820 ne
1048 3778 1175 3821 uno
1213 3757 1470 3843 quidem
1496 3758 1641 3825 loco
1688 3782 1833 3825 cum
1876 3759 2143 3848 perfecti
2182 3758 2392 3845 prima
2444 3779 2723 3846 persona

267 3851 669 3920 coniunctum
723 3855 1077 3943 reperimus
1135 3859 1521 3947 omninoque
1575 3862 1903 3930 rarissime
1946 3886 2093 3929 cum
2134 3862 2433 3950 perfecto,
2519 3860 2722 3947 Atqui

260 3951 422 4020 haec
482 3956 625 4045 ipsa
686 3957 897 4027 forma
960 3961 1308 4045 particulae
1365 3964 1555 4050 plane
1624 3965 2039 4034 affirmativae
2084 3975 2184 4033 est
2225 3965 2720 4047 accomodatior,

260 4079 452 4143 quam
497 4082 661 4146 quae
701 4062 1018 4129 maxime:

429 4163 717 4229 Alterius
760 4166 1027 4253 perfecti
1058 4190 1374 4254 personae
1410 4181 1666 4238 exstant
1686 4196 1817 4239 non
1839 4172 2113 4262 amplius
2138 4182 2384 4262 septem
2406 4170 2717 4258 exempla.

567 4266 664 4331 ad
686 4269 852 4334 Att.
884 4271 946 4352 3,
982 4269 1082 4352 15,
1115 4272 1187 4336 3:
1218 4282 1329 4338 »tu
1357 4274 1486 4339 nisi
1514 4275 1689 4363 quod
1713 4284 1867 4358 erat,
1885 4277 2167 4358 profecto
2186 4299 2320 4342 non
2349 4274 2719 4363 scripsisti«.

429 4367 658 4436 Cicero
712 4371 782 4437 in
838 4371 1029 4438 exilio
1086 4373 1581 4444 Thessalonicae
1639 4401 1907 4445 versans
1963 4403 2003 4445 a
2058 4378 2442 4467 quibusdam
2493 4378 2717 4443 amicis

260 4471 492 4537 certior
533 4474 624 4561 fit,
681 4496 846 4561 quae
888 4474 1136 4543 Romae
1190 4491 1478 4566 agantur²
1546 4483 1663 4549 sed
1726 4483 1888 4549 alius
1953 4483 2121 4548 aliud
2188 4482 2423 4551 omittit
2476 4481 2582 4549 vel
2636 4481 2717 4546 de

2306 4584 2343 4643 2
