3142 5042
1400 220 1744 286 ...47-

517 466 625 531 ep.
673 443 740 525 5,
788 443 895 526 13,
937 442 1007 509 4:
1058 441 1494 531 praestitimus
1551 443 1721 509 enim
1787 443 2049 532 patriae,
2102 465 2230 507 non
2293 440 2502 507 minus
2549 451 2793 526 certe,

348 569 543 633 quam
602 544 959 629 debuimus,
1012 546 1156 633 plus
1194 545 1491 631 profecta,
1514 568 1708 633 quam
1752 547 1853 612 est
1895 547 1976 612 ab
2022 544 2236 612 animo
2283 544 2654 632 cuiusquam
2694 555 2803 610 aut

345 648 616 716 consilio
657 647 937 714 hominis
980 648 1388 736 postulatum.

521 750 582 816 d.
635 773 842 838 prov.
899 773 1098 818 cons.
1147 752 1215 816 1:
1279 774 1356 818 ac
1421 752 1478 817 si
1541 752 1840 842 princeps
1898 774 2036 818 eam
2083 750 2462 819 sententiam
2506 750 2802 834 dicerem,

346 853 697 921 laudaretis
731 854 1031 939 profecta
1078 856 1135 920 si
1179 855 1372 939 soluS,
1415 878 1452 922 c
1470 869 1641 923 erte
1682 856 2122 944 ignosceretis.

521 980 630 1045 ep.
679 958 789 1042 12,
831 958 942 1043 22,
987 960 1057 1022 2:
1112 959 1254 1046 Ego
1312 969 1544 1025 certe
1587 960 1975 1045 reipublicae
2037 982 2170 1025 non
2214 956 2402 1023 deero
2468 1005 2482 1019 .
2517 1005 2533 1021 .
2567 1005 2601 1034 .,
2645 957 2804 1022 illud

337 1061 639 1146 profecte,
680 1062 892 1148 quoad
935 1072 1178 1150 potero,
1219 1071 1395 1127 tuam
1436 1061 1678 1128 famam
1724 1072 1787 1129 et
1830 1062 2203 1149 dignitatem
2245 1060 2490 1126 tuebor.

521 1164 736 1230 Tusc.
788 1168 854 1248 1,
900 1164 967 1232 2:
1012 1188 1164 1230 nam
1203 1187 1419 1233 mores
1464 1175 1528 1231 et
1567 1167 1859 1232 instituta
1904 1166 2076 1232 vitae
2102 1186 2223 1231 nos
2249 1162 2533 1248 profecto
2575 1162 2802 1228 melius

356 1276 608 1334 tuemur
652 1318 666 1331 .
700 1316 716 1334 .
770 1317 786 1351 ,
826 1290 960 1334 rem
1003 1290 1156 1334 vero
1201 1268 1523 1356 publicam
1566 1270 1773 1336 nostri
1827 1269 2103 1335 maiores
2166 1275 2385 1333 certe
2422 1264 2799 1335 melioribus

348 1379 870 1458 temperaverunt
914 1419 966 1437 ..
998 1419 1012 1445 ‚
1056 1370 1318 1456 legibus.
1363 1371 1441 1437 cf.
1485 1396 1548 1459 p.
1599 1373 1696 1437 19.

523 1473 676 1539 Hoc
718 1472 785 1537 in
828 1495 1094 1540 numero
1141 1482 1289 1540 sunt
1329 1473 1395 1540 hi
1441 1498 1695 1563 quoque
1747 1474 1892 1558 loci,
1935 1474 2045 1563 qui
2110 1474 2298 1540 certis
2363 1471 2618 1539 iudiciis
2673 1472 2802 1559 ipsi

340 1600 482 1643 rem
526 1576 1000 1643 demonstrant:

516 1679 621 1745 Ex
662 1680 1016 1747 Hortensio
1063 1688 1274 1747 exstat
1313 1680 1742 1767 fragmentum
1786 1680 1955 1769 apud
1986 1680 2409 1762 Lactantium,
2450 1680 2623 1744 inst.
2656 1678 2801 1745 div.

345 1783 407 1866 3,
453 1782 550 1866 16,
591 1782 634 1847 5
667 1783 968 1869 (Momm
994 1782 1109 1866 IV,
1138 1784 1197 1866 3,
1219 1784 1405 1865 317):
1437 1784 1751 1868 »Profecto
1782 1784 1988 1849 omnis
2005 1782 2275 1848 istorum
2297 1781 2639 1864 disputatio
2674 1831 2688 1846 .
2725 1832 2742 1847 .
2783 1831 2798 1847 .

349 1907 575 1951 vereor
615 1909 699 1952 ne
740 1909 874 1951 non
923 1894 1172 1951 tantum
1214 1886 1507 1954 videatur
1560 1887 1849 1952 attulisse
1891 1886 2132 1972 negotii
2172 1885 2558 1968 hominibuS,
2600 1908 2803 1972 quan-

346 1998 480 2054 tam
524 1989 1069 2056 oblectationem«
1155 1988 1516 2057 Structura:
1562 1988 1874 2075 »profecto
1931 2011 2157 2055 vereor
2221 2011 2342 2054 ne«
2406 1986 2804 2053 demonstrat

346 2092 486 2158 fieri
525 2114 657 2160 non
699 2114 921 2181 posse,
962 2101 1035 2157 ut
1077 2091 1464 2159 affirmativa
1525 2093 1611 2158 sit
1673 2092 2015 2181 particula3
2069 2114 2346 2179 namque
2406 2098 2478 2155 ut
2535 2113 2803 2156 »vereor

346 2217 428 2263 ne
469 2219 629 2262 non«
673 2195 1026 2281 subjective
1068 2218 1187 2285 pro
1231 2196 1423 2263 modo
1465 2196 1800 2286 potentiali
1842 2196 1935 2276 (ἄν
1982 2219 2037 2263 c.
2090 2196 2249 2284 opt.)
2282 2194 2520 2260 dictum
2543 2203 2664 2277 est,
2694 2194 2803 2277 ita,

347 2298 521 2387 quod
577 2301 983 2379 coniunctum
1043 2308 1157 2381 est,
1202 2300 1487 2385 profecto
1549 2300 1674 2368 hoc
1734 2322 1997 2369 munere
2054 2298 2232 2385 fungi
2297 2296 2470 2365 haud
2530 2296 2662 2363 scio
2719 2318 2802 2360 an

342 2411 649 2488 oporteat.

509 2506 700 2573 Rosc.
750 2506 907 2571 121:
960 2530 1092 2574 non
1133 2505 1226 2572 ita
1281 2516 1380 2573 est
1423 2507 1726 2593 profecto,
1774 2506 2049 2588 iudices3
2101 2529 2232 2572 non
2285 2511 2383 2571 est
2432 2501 2798 2585 verisimile,

343 2617 415 2673 ut
459 2606 921 2704 Chrysogonus
971 2610 1200 2678 horum
1242 2610 1488 2677 litteras
1533 2611 1850 2677 adamarit
1891 2618 2004 2677 aut
2043 2608 2520 2676 humanitatem.

510 2710 661 2778 Hoc
702 2710 846 2778 loco
891 2736 1065 2793 »non
1117 2714 1209 2778 ita
1275 2722 1375 2780 est
1426 2714 1712 2798 profecto
1731 2739 1760 2775 α
1828 2724 1890 2780 et
1947 2737 2119 2780 »non
2185 2721 2283 2779 est
2342 2711 2481 2779 veri
2554 2710 2799 2776 simile«

344 2813 517 2881 idem
558 2814 694 2881 fere
735 2815 949 2882 valere
992 2815 1401 2882 manifestum
1445 2827 1545 2883 est
1588 2827 1653 2884 et
1710 2817 1998 2884 eiusdem
2028 2838 2173 2884 esse
2201 2814 2555 2902 gravitatis.
2602 2813 2683 2880 cf.
2715 2813 2798 2879 ad

342 2917 512 2984 hunc
532 2919 743 2985 locum
757 2918 1519 3002 LANnoRu-runffiiceros
1547 2921 1727 2988 Rede
1755 2920 1858 2985 ffir
1873 2919 2024 2988 Scir.
2055 2918 2351 3000 RosciuS‚
2381 2917 2556 3003 Erlg.
2579 2916 2797 3001 1884).

514 3024 671 3097 Att,
716 3021 789 3107 6,
833 3021 908 3107 5,
959 3023 1026 3087 1:
1082 3045 1254 3089 nunc
1308 3024 1568 3111 quidem
1610 3025 1897 3108 profecto
1951 3022 2198 3090 Romae
2265 3042 2371 3102 es3
2419 3042 2545 3107 quo
2590 3028 2684 3103 te,
2731 3019 2801 3085 si

343 3123 463 3188 ita
507 3134 664 3207 est3
711 3126 961 3194 salvum
1006 3126 1263 3194 venisse
1306 3127 1571 3215 gaudeo.

517 3227 748 3294 Nonne
793 3230 1272 3297 evidentissime
1335 3254 1417 3297 ex
1460 3218 1841 3298 succedente
1885 3229 2260 3297 condicione
2304 3235 2600 3314 apparet,
2645 3225 2798 3314 quid

347 3329 665 3417 significet
703 3332 1093 3414 ›pv-oscam?
1123 3335 1274 3402 Non
1304 3334 1765 3402 subridiculum
1790 3342 1974 3419 esset,
1992 3331 2164 3420 quod
2196 3339 2383 3397 antea
2413 3329 2799 3396 affirmatum

342 3442 534 3519 esset,
579 3444 805 3523 postea
847 3437 1220 3506 condicione
1263 3439 1633 3527 ambiguum
1676 3438 2065 3525 dubiumque
2105 3434 2392 3526 ponere?

515 3539 671 3605 Att.
743 3540 854 3623 12,
920 3539 1031 3621 27,
1108 3543 1178 3608 2:
1254 3551 1335 3608 et
1395 3566 1534 3629 ego
1603 3565 1684 3609 ex
1748 3541 1875 3608 tuis
1940 3539 2406 3607 animadverto
2441 3536 2667 3603 litteris
2725 3545 2801 3602 et

333 3642 617 3724 profecto
659 3652 740 3709 tu
785 3666 867 3711 ex
909 3644 1070 3711 meis
1113 3645 1274 3711 nihil
1314 3645 1552 3713 habere
1596 3667 1738 3729 nos,
1784 3645 1957 3734 quod
2002 3645 2375 3712 scribamus.

513 3744 646 3813 Hic
667 3769 922 3836 quoque
951 3748 1212 3814 alterius
1241 3771 1557 3837 personae
1578 3749 1864 3834 profecto
1915 3756 2012 3814 est
2040 3747 2368 3837 particula.

345 3846 494 3913 Non
537 3849 812 3917 alienum
857 3860 956 3918 est
997 3873 1113 3942 per
1157 3852 1561 3920 occasionem
1603 3853 1774 3921 hunc
1828 3853 2042 3920 locum
2095 3869 2622 3917 commemorare:

515 3948 674 4017 Att.
723 3954 833 4035 14,
881 3955 1032 4039 132,
1076 3955 1148 4020 2:
1204 3955 1331 4022 Sed
1371 3955 1851 4039 mehercule,
1893 3955 1951 4021 si
1990 3953 2343 4021 humaniter
2382 3958 2446 4017 et
2473 3951 2797 4038 sapienter

346 4062 413 4119 et
455 4054 819 4122 amabiliter
859 4058 927 4124 in
970 4074 1072 4126 me
1118 4058 1400 4146 cogitare
1443 4059 1564 4142 viS,
1607 4059 1864 4127 facilem
1893 4058 2177 4140 profecto
2217 4065 2282 4122 te
2324 4053 2683 4145 praebebis.

512 4156 685 4225 »Sed
726 4160 1121 4229 mehercule«
1163 4163 1390 4250 incipit
1432 4164 1963 4231 exclamationem
1978 4213 1997 4247 ,
2042 4183 2207 4249 quae
2246 4169 2479 4237 tamen,
2519 4156 2798 4223 fortasse

346 4259 726 4331 condicione
768 4262 1164 4349 interposita,
1209 4264 1526 4334 delabitur
1552 4267 1638 4334 ad
1664 4277 2036 4358 pertenuem
2056 4266 2392 4354 levemque
2419 4259 2795 4328 affirmatio-

340 4387 510 4449 nem,
553 4365 614 4431 si
655 4364 848 4433 modo
894 4375 990 4433 est
1033 4367 1394 4441 affirmatio.
1479 4370 1860 4454 »Profecto«
1913 4393 2067 4437 vero
2121 4362 2559 4456 praecedentis
2599 4360 2796 4443 parti-

345 4467 522 4535 culae
570 4468 696 4537 vim
742 4478 1250 4560 potestatemque
1294 4473 1587 4563 excipere
1631 4475 1745 4544 vix
1788 4475 2126 4564 quisquam
2167 4467 2597 4538 arbitrabitur.
