3142 5042
1424 200 1768 269 ...15-

364 425 787 518 pretationem
842 450 972 492 non
1025 425 1094 491 in
1163 450 1385 494 omnes
1447 436 1659 514 partes
1726 427 1940 495 valere
2005 448 2139 491 non
2207 424 2455 511 ignoro,
2501 433 2720 491 tamen
2762 423 2830 491 in

363 532 737 596 universum
782 530 955 595 haud
1001 531 1133 596 scio
1180 556 1259 596 an
1309 539 1459 619 apta
1504 531 1819 598 videatur.

533 635 626 699 At
669 635 960 714 profecto
1004 634 1350 723 particulae
1408 657 1597 699 usum
1650 659 1777 700 uno
1811 634 2141 725 ,adspectu
2187 633 2586 699 intuentibus
2637 632 2826 698 facile

366 745 635 826 apparet
701 758 811 802 eas
874 737 1320 803 affirmationis
1387 738 1685 826 proprias
1760 737 2169 804 condiciones
2238 757 2503 823 prorsus
2571 735 2830 821 deesse3

363 862 641 926 namque
706 838 867 906 adeo
931 863 1062 906 non
1122 849 1463 906 revocatur
1508 840 1791 922 profecto
1846 840 1928 906 ad
1982 862 2087 905 res
2144 838 2488 926 praeterito
2545 847 2832 926 tempore

366 952 601 1031 gestas,
647 952 715 1006 ut
744 944 1026 1031 exceptis
1057 944 1462 1030 paucissimis
1494 944 1655 1012 locis
1685 944 2009 1031 praesenti
2039 951 2103 1008 et
2129 941 2341 1008 futuro
2375 943 2831 1028 coniungatur3

369 1047 552 1112 alteri
594 1047 800 1133 potius
844 1046 1189 1134 tertiaeque
1232 1070 1562 1135 personae,
1610 1071 1802 1135 quam
1844 1047 2106 1134 primae.

540 1151 629 1216 Ut
691 1150 797 1214 hic
865 1150 1054 1214 simul
1119 1152 1310 1215 aliam
1381 1174 1635 1239 quoque
1708 1149 2167 1239 proprietatem
2245 1170 2832 1227 commemoremus,

364 1253 645 1334 profecto
700 1276 831 1317 non
886 1277 1203 1340 nusquam
1260 1276 1404 1318 cum
1457 1253 1526 1318 in
1583 1251 2131 1319 condicionalibus
2188 1249 2531 1316 enuntiatis
2585 1260 2724 1317 tum
2765 1251 2831 1316 in

367 1357 721 1434 irrealibuS,
755 1379 918 1443 quae
951 1356 1262 1436 dicuntur,
1292 1357 1624 1444 reperitur.
1713 1356 1864 1436 Qua
1894 1379 1975 1422 ex
1998 1377 2193 1421 causa
2214 1376 2426 1418 nonne
2454 1353 2830 1441 planissime

367 1468 543 1547 patet
594 1461 736 1525 fieri
791 1484 922 1526 non
975 1482 1186 1546 posse,
1242 1468 1314 1524 ut
1346 1461 1630 1542 profecto
1676 1459 2060 1526 affirmativa
2101 1459 2363 1525 notione
2409 1456 2829 1524 adhibeatur?

369 1566 479 1628 An
539 1563 846 1628 obtestari
909 1564 1018 1628 vel
1079 1564 1216 1628 iure
1279 1563 1548 1629 iurando
1608 1551 1855 1628 sancire
1909 1563 1979 1627 in
2033 1562 2246 1627 animo
2301 1562 2544 1627 habeas
2591 1557 2832 1626 Gaium

370 1667 522 1753 quid
584 1665 900 1733 facturum
963 1666 1163 1732 fuisse
1228 1666 1333 1732 vel
1399 1688 1541 1732 esse
1596 1666 1954 1732 facturum?
2011 1666 2247 1731 Nonne
2301 1664 2370 1729 id
2428 1663 2635 1730 solum
2689 1663 2831 1728 fieri

369 1778 612 1856 potest,
675 1781 772 1849 ut,
847 1771 994 1859 quid
1064 1780 1174 1834 tua
1240 1769 1540 1856 opinione
1608 1769 1890 1834 futurum
1955 1767 2146 1833 fuerit
2211 1768 2314 1834 vel
2386 1767 2670 1832 futurum
2731 1766 2831 1845 sit,

371 1873 731 1958 significes?
780 1873 1236 1961 Compluribus
1281 1872 1441 1937 locis
1489 1895 1643 1936 sane
1687 1896 1818 1937 non
1860 1872 1952 1936 ita
1996 1871 2080 1935 ad
2123 1871 2343 1938 vivum
2386 1892 2679 1936 resecare
2724 1869 2833 1934 de-

372 1979 595 2042 bemus
621 1977 840 2042 vivum
872 1977 1220 2064 particulae
1255 1998 1440 2040 usum
1474 1984 1537 2040 et
1568 1973 1976 2040 considerare
2008 1974 2362 2039 orationem
2382 1973 2569 2038 altius
2608 1995 2832 2038 exsur-

370 2090 625 2167 gentem
685 2090 876 2167 atque
934 2080 1166 2145 elatam
1226 2078 1580 2157 disserendi
1641 2078 1989 2143 subtilitate
2046 2076 2337 2162 neglecta
2391 2076 2834 2159 traJeotionem

372 2183 702 2271 quandam
737 2183 1356 2271 superlationemque
1403 2182 1527 2249 sibi
1557 2182 1902 2248 vindicare.
1972 2182 2067 2246 At
2111 2179 2405 2245 omnibus
2449 2178 2608 2244 locis
2639 2179 2833 2243 talem

374 2286 680 2351 orationis
755 2287 1251 2374 discrepantiam
1348 2287 1684 2352 admittere
1762 2284 1973 2350 insani
2044 2292 2141 2348 est
2212 2305 2420 2370 neque
2485 2281 2833 2368 quidquam

374 2388 546 2453 aliud
612 2411 689 2454 ac
752 2413 974 2456 veram
1029 2391 1469 2477 sinceramque
1525 2389 1715 2454 huius
1775 2387 2125 2477 particulae
2168 2385 2494 2451 notionem
2543 2383 2831 2450 consulto

375 2491 772 2578 cogitateque
815 2493 1130 2579 ignorare.

545 2609 976 2697 Posteaquam
1047 2613 1207 2679 haec
1270 2615 1340 2680 in
1395 2614 1766 2681 universum
1825 2611 2147 2699 disputata
2234 2617 2413 2691 sunt,
2478 2607 2833 2695 particulae

366 2710 651 2792 profecto
705 2736 890 2778 usum
948 2714 1441 2781 Ciceronianum
1497 2717 1580 2781 ad
1634 2715 1949 2783 rationem
1999 2711 2319 2800 quandam
2364 2720 2833 2801 praeceptaque

372 2814 661 2901 redigere
707 2816 1099 2883 conabimur.

1526 3198 1563 3282 ξ
1614 3200 1672 3262 1.

1220 3372 1326 3440 De
1360 3373 1785 3471 ‘temporum
1826 3387 1980 3437 usu.

541 3523 632 3590 Ut
673 3523 804 3589 iam
850 3546 1045 3613 supra
1097 3525 1619 3612 significavimus,
1673 3521 2053 3606 permultum
2097 3519 2180 3585 ad
2222 3528 2394 3585 recte
2437 3517 2831 3606 perspicien-

370 3626 516 3692 dam
548 3627 831 3709 profecto
874 3627 1222 3715 particulae
1265 3645 1561 3694 naturam
1605 3637 1965 3714 temporum
1994 3623 2168 3689 valet
2205 3644 2394 3703 usus3
2442 3621 2552 3707 qui
2594 3621 2686 3686 ita
2730 3630 2830 3686 est

369 3741 793 3818 comparatuS‚
839 3739 910 3795 ut
953 3730 1074 3796 hac
1116 3731 1262 3818 ipsa
1302 3754 1374 3797 re
1419 3732 1693 3813 dubites,
1753 3733 1917 3794 sitne
1959 3725 2245 3809 profecto
2300 3723 2679 3790 affirmantis
2725 3725 2827 3791 vel

370 3835 815 3900 asseverantis,
890 3834 1175 3900 Remotis
1204 3835 1459 3900 interim
1490 3832 2038 3902 condicionalibus
2086 3827 2417 3896 sententiis
2463 3828 2530 3893 id
2575 3850 2823 3903 summo

367 3936 932 4022 iurefcontendere
978 3938 1211 4003 ausim:

533 4042 910 4108 »Profecto«
964 4067 1095 4108 non
1137 4042 1264 4107 nisi
1306 4041 1373 4106 in
1417 4039 1644 4129 primis
1698 4037 2029 4105 sententiis
2084 4032 2591 4123 (Hauptsatzen)
2640 4056 2824 4100 usur-

361 4148 1544 4234 patur,quarumverbumpraesens
1574 4152 1684 4208 aut
1715 4141 2161 4230 perfectum
2191 4146 2301 4203 aut
2328 4137 2679 4203 futurum
2709 4145 2824 4204 est.

532 4248 719 4315 Haeo
763 4271 1063 4336 suprema
1104 4249 1210 4313 lex
1253 4247 1780 4335 paucissimis
1824 4244 1985 4310 locis
2030 4242 2289 4309 vacillat
2331 4241 2437 4307 vel
2481 4239 2823 4319 claudicat3

357 4361 715 4441 temporem
779 4359 992 4417 autem
1045 4374 1233 4417 usum
1288 4351 1414 4417 hoc
1455 4359 1797 4439 praecepto
1845 4346 2177 4415 astrictum
2221 4367 2364 4411 esse
2408 4364 2579 4409 nunc
2632 4343 2823 4430 paulo

357 4457 565 4523 fusius
615 4456 1001 4544 uberiusque
1048 4455 1648 4526 demonstrabimus·
